3410 4702
333 203 227 55 auenue.

638 242 1004 134 R nos dist ici endroit li ꝯtes q̃apries cou q̃

646 317 1008 141 li barõ ⁊ li prĩce de tamaite regiõ; se furẽt ꝑ-

646 403 964 129 ti de rome de lemp̾ ⁊ de lemꝑ. Il demourẽt

646 474 988 121 en lor bone pais ⁊ en lor gnͣt ioie a roume. si-

305 540 1368 141 come cil qͥ auoiẽt gnͣs ꝓsperites ⁊ mlt̾ de lor desiries aꝯpliᷤ.

313 626 1344 130 Et ert ensi q̃ pluisor fois il aloiẽt de lũ empire a laut̾ ⁊ me-

317 713 1340 105 nerẽt bñ ceste vie ꝑmi .x. ans. apries ice auĩt .i. iour q̃

317 787 1317 106 li emp̾. ⁊ li emꝑ se ioiẽt as eschas. ⁊ auĩt ausi come ꝑ auẽtu-

325 862 1297 113 re q̃ li gius se torna a ce; q̃ li emp̾ en eut le piour. ꝑ coi

341 936 1273 114 li emꝑ. en amor ⁊ en ioie dist. Sire or sachies q̃ vꝰ ne che-

329 1018 1293 114 uaceres mie tous iors a loraĩs q̃il ne vꝰ couigne pierd̾ en

321 1081 1309 129 aucune maniere. li emp̾ entẽdi lemꝑ. ⁊ nota ce q̃elle auo

325 1163 1258 114 it dit. en aut̾ maniere q̃elle nauoit fait. lors li dist en

305 1242 1282 113 sourriãt. Dame dame; nest mie m̾ueille; sil nest /ensi/ q̃ vꝰ

309 1304 1337 134 aues dit. Car toute si faite chose est cou de ce siecle. Car

309 1402 1278 110 qͣt il auiẽt q̃on si aseure le plꝰ; cest qͣt õ est plꝰ tost tͦne

301 1477 1317 129 cou desous deseure. ¶ Qnͣt lemꝑ. eut oi lemp̾. si mu-

309 1563 1286 106 a a m̾uelle gnͣt coulour ⁊ dist. auoi; sire. or amaisse ie

305 1630 1274 109 miꝰ q̃ ie me fusse teute. Dama dist il. ia se ie puis ne vꝰ en

309 1696 1325 110 repẽtires. car tout li tãs ⁊ les eures ont lor saisons. ⁊ ie ne cuit

337 1771 1270 121 mie. q̃ ce q̃ vꝰ aues dit; ne doiie porter fruit. fructefiãt en

305 1829 1309 126 liu ⁊ en tãs. dõt il nos ert miꝰ apries ce q̃ nꝰ seroumes mort

309 1916 1282 98 ⁊ t̾spase. En nõ diu sire dont veil iou q̃ vꝰ me dites cou dõt

317 1974 1262 114 ie ne sui mie sage. comẽt ne a coi vꝰ aues notee; la ꝑole

309 2053 1294 117 q̃ iai dite qͣt ie ne le dis. fors en amour ⁊ en fieste. ⁊ me vo

317 2127 1278 110 la hors de la bouche. pͬ coi vꝰ pͥ en amͬ ⁊ en gueredõ; q̃ se ie

309 2209 1282 114 ai dite chose qͥ vꝰ ait anoiie; q̃ vꝰ le me ꝑdounes. ⁊ sil vꝰ a es-

321 2276 1258 125 te biel; q̃ vꝰ me fachies sage pͬ coi vꝰ laues issi repͥs. En nõ

305 2354 1262 106 de moi dame chiere ⁊ bone amie. Or maues vꝰ demãde v-

313 2437 1301 129 ne chose dõt ie veil q̃ vꝰ en sachies la verite. ⁊ ie le vꝰ dirai

301 2519 1282 102 dist il. mais q̃ cou niert mie ore. anchois iert vne aut̾

313 2586 1290 113 fois. qnͣt ie verai q̃ poĩs sera. ⁊ cou iert qnͣt ie verai ⁊ sa-

317 2664 1250 114 rai en vꝰ aut̾ volẽtes q̃ iou encore ni voie. ha; sire pͬ diu

317 2734 1266 106 m̾ci ce dist la dame. or soit qͣt il vꝰ plaist car ie ne cuit mie

317 2801 1274 118 q̃ vꝰ le me doiies bñ dire auãt qͥl mẽ fust auq̃s de mestiers.

325 2876 1246 109 ne ie ia ci endroit narai la maniere dauq̃s qͥ ia a tans ne

313 2954 1286 110 qͥderõt /savoir/ ce qͥ ausi leur puet torner a anui come a ioie. Da-

309 3021 1270 97 me dist il sauue soit vr̃e grasce; ie ne cuit mie q̃ ceste cho-

297 3079 1286 110 se vꝰ doie torner a anui. Et pͬ ce q̃ ie ne veil mie qͥl vꝰ pui-

290 3154 1289 109 st torner a anui sa gnͣt pͬfit nõ; ie vos en dirai vne ꝑtie de-

293 3228 1298 110 ce q̃ vr̃e ꝑole ma dounee a entẽd̾. Il /est/ voirs; q̃ on dist en ꝓ-

301 3307 1290 121 uierbe; q̃ tandis q̃ li gius est biaꝰ est ũ poĩs dou laissier. au-

290 3385 1313 117 si come il auiẽt q̃ cil qͥ est en v̾tut dastĩnẽce q̃ qͣt il mẽgue.

290 3455 1297 98 dune viande volẽtiers qͥl nẽ prẽt mie tãt q̃ ꝑ abomina

301 3526 1286 106 tiõ li couigne laissier. anchois se refraĩt ⁊ le met arriere

293 3593 1321 121 pͬ cou q̃elle li face millor digestiõ daquere natureil apetit.

286 3659 1297 110 Tout autͤ/si est/ il ma tres chiere dame ⁊ bone amie maues vꝰ

297 3734 1274 117 mis en voie de ce qͥ me puet faire millor disgestiõ en liu

293 3796 1247 130 ⁊ en tãs ⁊ vꝰ dirai comẽt ne pͬ coi. ¶ Cõ il soit ensi

293 3867 1231 141 q̃ nre sires ma p̾stee tãt donnͬ qͥl m a mis el plꝰ haut

290 3945 1281 137 estage /de la roe/ de fortune; ausi cõ il me fu dit .i. ior qͥ passes es

286 4031 1258 149 est. il ne puet mie auenir ꝑ droit ne ꝑ nature q̃ tous

1810 203 1270 161 iors ie puisse viu̾ en lonnor del empire de rome ne de

1810 282 1294 149 cost̾. anchois sõt nei cil qͥ ceste honͬ atẽdent. s me samble-

1814 364 1294 149 roit raisos ⁊ drois; q̃ tãdis q̃ li gius est ⁊ q̃ ie lai dapetit.

1806 427 1302 152 q̃ iou le laisse. car ie sai de uoir q̃ ie mie ne porai mie

1810 509 1290 141 toꝰ iors cheuachier a loraĩs ceste a dire viure en ceste

1806 568 1278 172 signorie. ⁊ pͬ ce di ie tres douche dame q̃ se ie ne laisse

1799 670 1281 152 cest daĩtie en coi ie me sui ꝑ tante fois delites ⁊ enorguil-

1810 720 1255 177 lies; q̃ mlt pͥueemẽt pꝰ faillir a grignor daĩties q̃ cist

1814 807 1227 152 ne soiẽt cest a plꝰ haute honor q̃ ceste ne soit. en laq̃le

1802 885 1235 165 ie ne porroie mie toꝰ iors demourer. ⁊ pͬ itãt q̃ ie mie

1799 963 1226 161 toꝰ iors demorer ne porroie /ne/ cheuachier a lorraĩs. si

1791 1038 1250 164 me couĩet acuere ꝑfaite honor. cest a dire q̃ se iou

1791 1120 1230 129 ai eut honor en cest siecle q̃apries ma mort en soit

1802 1187 1235 145 aucune chose ramẽteue en laut̾. Qnͣt li emp̾ eut ce

1791 1265 1230 141 dit; si ꝑla lemꝑ en teil maniere ⁊ dist; ha; sire come

1783 1336 1286 141 de bone eure ie dis la ꝑole q̃ vꝰ aues si bñ mise a mora

1775 1414 1278 165 lite. se il auĩet q̃ nr̃e sire vꝰ en doĩst met̾ en la voie dov-

1799 1496 1250 149 ꝑseuerer ausi come vꝰ le maues done a entẽd̾. Ꝑ coi

1787 1590 1254 137 iou en peuisse iestre ꝑconniere. ausi come iou en a-

1779 1653 1301 133 roie le volẽte dou desieruir. Dame dist li emperere.

1783 1724 1250 145 la desierte ne tẽra sa vꝰ nõ. sire dist elle mlt̾ gnͣs m̾cis.

1904 1798 1141 141 este chose ne misẽt mie en oubli li emp̾ ⁊ li emꝑ.

1889 1865 1144 137 anchois aut̃t en apries en ases pau de tierme qͥl

1767 1935 1251 137 sauiserẽt dune chose dõt il furẽt a m̾ueille pꝰ pͥsie;

1775 2014 1243 117 ⁊ dont li pluisors seᷤm̾ueillierẽt mlt̾. car li emp̾ vĩt

1775 2080 1278 126 en lempire de costatinoble. ⁊ a a ce menes les barõ de l

1759 2139 1294 141 empire qͥl aseurerẽt hel̾. sõ fil. ⁊ le recuirẽt a signor.

1779 2225 1258 145 ⁊ douna dorꝰ sõ maĩsne fr̾e le roiaume de gresce. Si q̃

1763 2296 1282 149 il dou tout se demist de lempire ⁊ prist ꝯgiet a iaꝰ ⁊ re-

1767 2390 1239 117 vĩt arriere a lemꝑ. qͥ tout en auteil maniere cõ il ert

1763 2448 1274 149 demis de lempire de cost̾ se demist il de lẽpire de roume

1771 2550 1262 118 ⁊ de toute la tiere q̃il onq̃s li vns ne li aut̾s maillie nẽ

1755 2609 1274 125 detĩrẽt anchois dounerẽt a toꝰ les roumais a entẽd̾;

1763 2687 1286 134 qͥ selonch les auenues de deuãt cil ne voloiẽt mie; q̃ dissẽ

1759 2766 1298 117 siõ euit ent̾ aꝰ. ꝑ coi en lor plaĩne vie il seuissẽt dõt elle

1759 2832 1255 118 poroit naist̾ pͬ plꝰ couignablemẽt met̾ la ꝯcorde. ⁊ sãs

1752 2907 1285 98 faille ne fu mie mlt̾ gnͣs m̾ueille car maĩtes fois est

1759 2977 1235 110 il ensi auenut dautrui q̃ diaꝰ. q̃ plꝰ cͥẽt on .i. home

1759 3048 1259 102 q̃ .m. ⁊ sãs faille q̃ ceste colour de raisõ eurẽt li une

1759 3111 1243 98 ꝑtie ⁊ li aut̾. Mais dou tout ne fu mie la raisõ de lẽp̾

1748 3181 1262 114 ⁊ de lemꝑ. anchois furẽt a ce mis dont iou ai traitie de

1744 3260 1281 101 sus. q̃il si soutiumẽt atornerẽt lor afaire; q̃ sãs le seu

1744 3334 1258 110 de nului se missẽt hors de roume mlt̾ desconnuemẽt.

1736 3412 1254 110 ꝑ coi nꝰ ne peuist conoist̾ lor afaire; ne lor iest̾. ⁊ ne sai

1740 3467 1297 118 mie ne ne truis en listoire. se il nule arme nemenerẽt

1748 3550 1293 101 aueuc aus. en cui il se fiassẽt tãt come a cestui afaire.

1740 3632 1234 98 Mais dune m̾uilleuse chose fait li ꝯtes mẽsiõ. Car

1740 3694 1234 102 ausi come ie auoie mõ ꝯte fait touchier dũ liuon

1740 3761 1234 90 q̃ li emp̾ auoit porte ꝯpaignie ausi ꝯme il est dit

1736 3820 1340 125 de deuãt. Se gisoit en .i. liu dispoise dou palais lẽp̾.

1720 3898 1309 110 si q̃ qͣt ce venoit au matĩ ausi acoustumeemẽt. Il sẽ

1732 3981 1293 90 venoit en la sale ⁊ sãs nului mal faire. ⁊ pͬ lemp̾ a a

1720 4051 1309 141 tẽdre ausi come di me tu ie doi mõ signor garder
