3398 4696
301 183 1323 114 de ci se ꝑti ier .i. mes ki men aporta nouvieles dist

297 273 1308 106 .hel̾. na mie .iii. iours. si est tous sains ⁊ haities;

305 332 1315 118 mais li dus ses sires est mors dont il est mlt̾ destorbeᷤ

309 406 1335 110 Ensi avient dist pel̾. de ciaus ki plus ne pueent vi

305 485 1292 102 ure. Ausi ꝯme de nr̾e frere fast̾. Ensi va d̾ .hel̾. li

301 559 1331 118 mort as mors. ⁊ li vif au vif. Et por cou feroit il boĩ

301 645 1307 94 le bien faire ki poroit. Car apries nostre mort tͦu

293 723 1312 90 verons nous ki pau de bien fera pour nous. Et p᷑

305 790 1303 110 ce q̃ ie pau ai encore eu despasse de vous a respond̾

301 864 1315 102 de monsignour nostre pere. vos puis iou dire que

293 927 1315 106 .iiii. mesages ai iou envoye. par toutes les .iiii.

289 1013 1312 106 ꝑties dou monde. pour sauoir ⁊ enquerre de lui.

301 1091 1319 98 mais onq̃s puis n en oi nouviele. Tout autresi

297 1162 1343 102 ai iou fait dist .pel̾. Mais iou ne noi nule espiere.

293 1232 1331 110 Et de celidum nr̾e frere dist .hel̾. en oistes vꝰ puis

297 1314 1296 102 nule cose ciertes dist il nai iou. Que uous iroie

293 1389 1304 94 ore iou faisant .i. lonc conte de chosse v il naroit

297 1455 1335 110 deduit a lescouter ne pourfit a la matere p᷑lõgr̾.

297 1537 1335 98 hel̾. conioi son frere ⁊ le pourmena de liu en liu. ⁊ il

297 1612 1347 105 fu si soutius que il sauisa q̃ .pel̾. nestoit venus p᷑ nul

293 1678 1300 98 avancement de lui en son enpire ⁊ nonpourqͣnt

297 1757 1319 109 nen degna il onq̃s samblant faire. ⁊ li traitres

293 1827 1319 117 si seut si couviertement ꝑler de cou quil veut. q̃ ia

293 1901 1135 114 mais ne sen pierceust nus ki ne le seuist.

422 1984 1151 105 il ki demoure estoient hoir. de ciaus ki la

422 2058 1214 102 boine dame avoient traie. lor estoit encore

293 2128 1315 102 une estinciele demouree ou cuer. qui a bien pau

293 2199 1339 105 voloit el tisson arse qui ne queroit el: que il tͦuast

293 2277 1370 102 feu par coi il fust alumes. Et cil tissons. cou fu pe

297 2355 1339 114 liarmainne qui aquist ce ke cil li eurent en ꝯvẽt.

293 2430 1327 98 que se il sauoit nul droit a lempire de coustantino

289 2500 1323 102 ble quil i demandast son droit il ia pour iaus ne le

289 2571 1319 117 laissast. car il amoient mius sa raison qͥl ne fais

285 2637 1300 117 soient le tort a lor signeur. En ce dist .pel̾. biau si

289 2731 1323 106 gnour mlt̾ aues sagement respondu. ne ie mõ

293 2805 1292 118 frere ne uoroie chosse demander. v ie neuisse cou

297 2880 1288 101 lour de raisson. Et vous dirai quele. Il est voirs

297 2954 1284 98 q̃ anciienement roume si a este souverainne de

297 3025 1280 109 toutes viles que on doit apieler cites. Et bñ

293 3087 1288 114 le nous moustre nr̃e peres esperitueuls. ce est li

289 3161 1335 106 pape ki en roume demeure. a qui nous tuit deuõ

293 3236 1355 109 mes reuerence. ⁊ ce ensuit. ke kiconq̃s soit empe

293 3314 1292 106 reres de roume. tout autre signour tieriien doi

293 3385 1323 113 vent a lui iestre aclin. Cascuns dist q̃ bien i avoit

297 3459 1319 113 raisson. Ensi eut .ꝑl̾. coulour de soi mesler a sõ frere

301 3529 1288 126 issi coume vous ores avant ke ie laisse mon ꝯte

305 3608 1307 125 Qnͣt .hel̾. eut conioi pel̾. si ne veut plꝰ demorer ou

301 3682 1276 110 pais. ⁊ prist ꝯgiet si repaira a roume ki ml̾t estoit

289 3745 1276 109 w̾ide de loiaute ⁊ de droiture. ensi coume ie uous

301 3823 1260 98 avoie de deuant touciet. pour coi il ne demora se

289 3870 1319 148 pau non. Qnͣt .pel̾. prist .i. ch̾r ki avoit non maĩ

301 3960 1272 117 frois. icil avoit fausete ⁊ traison en soi. plus kẽ

297 4026 1292 176 nul autre. Et li entroduisi kil alast en coustanti

1792 219 1331 125 noble ⁊ deist a son frere cou que vous oir porres.

1929 289 1140 129 ainfrois qui ne mist mie en oubli cou ki li

1800 332 1265 153 fu cargie ala tant lun iour plus lautre

1796 430 1304 113 mains que il vint en coustantinoble a un iour

1789 496 1276 130 de paskes que .hel̾. avoit gnͣt barounie ossoi

1789 575 1319 125 Il uint deuant lui ⁊ fu ausi q̃ tuit li baron eurẽt

1789 661 1287 117 mengie. ⁊ il li tramet une lettre de creance en sa

1800 735 1284 114 main .hel̾. le liut ⁊ puis esgarda celui ⁊ ne le

1785 806 1291 125 counut mie. Si dist ausi coume cil qui li cuers

1789 880 1315 121 li dist quil aportoit nule boine nouviele. Que

1789 947 1287 129 vius tu dire ausi coume en gnͣt courous. Cil

1789 1025 1284 113 ki lesgarda el vis eut paour. Qͣr ml̾t avoit

1789 1091 1311 129 hel̾. fier regart qnͣt il ert en courous. ⁊ il a lau

1785 1174 1323 129 tre les. si naportoit mie nouviele ki ml̾t li deuis

1785 1256 1299 109 sent plaire. Si dist en tel maniere. que mesages

1781 1330 1319 114 de faire le mant de son signour. ne deuoit mal re

1777 1404 497 106 coiure ne pis oir.

1906 1487 1186 121 ors qnͣt cil eut dit si encoumenca a dire ꝑ foi

1910 1561 1174 109 tres ciers sire. il est voirs q̃ mesire vr̾e frere

1777 1620 1272 121 si menvoie a vous pour vous faire asavoir vne

1777 1706 1315 125 cosse que ie mius amasse que il le uous euist mã

1781 1776 1284 125 det ꝑ escrit que cou quil le me couvient dire. Di

1773 1851 1284 109 hardiement dist .hel̾. Sire dist cil volentiers.

1777 1921 1296 133 On a fait monsigneur entendant q̃anciienemẽt

1773 1991 1343 122 coustantinoble si a este susgite a roume. ⁊ li empe

1769 2074 1351 117 reour de coustantinoble fait houmage a lempereur

1773 2148 1311 109 de roume. ⁊ pour cesti raison. vos freres vꝰ mande

1773 2230 1315 102 que vous nel tenes a orguel ne a felounie. ãcois

1773 2301 1315 105 vous fait en amour ⁊ en gueredon asauoir q̃ vous

1769 2375 1327 117 vignies a roume ausi coume pour lui veoir ⁊ la

1773 2445 873 106 li pories vous faire houmage.

1906 2528 1151 105 elcanus qnͣt il celui entendi si ne respondi

1906 2598 1174 106 ore mie ml̾t hastiuement. Et si se refrainst

1769 2676 1300 106 de sire v il estoit. ⁊ encoumenca a faire ausi ꝯme

1761 2743 1351 113 .i. faus ris. ⁊ dist a celui vius tu ore plus aucune

1765 2829 1323 106 chosse dire. Sire dist il nai iou desi adont q̃ iou a

1757 2903 1327 106 roie oie vr̾e response. Adont fist .hel̾. venir tos

1761 2974 1335 117 les barons ki la furent entour soy. ⁊ fist celui re

1761 3048 1304 106 dire cou que vous aves oit. Qnͣt cascuns eut

1765 3122 1323 102 entendut si dist .hel̾. ore biau signour aves vous

1773 3185 1292 117 ore entendut de mon tres cier frere .peliar̾. vous

1765 3259 1319 106 samble bien quil ait raisson a cou q̃ vꝰ aues oit.

1765 3334 1323 109 Aucuns i eut ki ne se peurẽt taire qͥl ne deissent.

1761 3412 1308 106 Sire il nous samble q̃ nous aions vne tiere con

1765 3482 1319 126 voitie dou diable. ne porons nous iamais viure

1757 3561 1308 113 en pais. Biau signour dist il ꝯvoitise ⁊ envie ne

1753 3635 1304 113 puet pro avoir. ⁊ ne vous esmieruellies de peli

1753 3713 1296 98 armenum. Car il resamble luel que iou ai oit

1757 3780 1292 113 conter que li convoitous alixandres trouva sor

1757 3846 1292 110 lempereour de maubre. liqueus li fu moustres

1753 3909 1339 113 par senefiance. quil ne seroit ia plains. tout fust

1749 3991 1335 118 il que nus ne pooit contre lui contrester. Autresi

1749 4062 1316 160 ne puet soufire a peliarmaine chose v il ne doit
