3436 4722
358 188 1298 107 rien avoir. Et p᷑ cou q̃ ie quic q̃ .peliar̾. ait pris

366 271 1271 106 cuer en aucun de vous. me ꝯvient q̃ sans le ꝯsel de

362 346 1082 98 mes anemis. li remanderai tel response.

476 417 1149 106 tu vasal ki ci ies tramis de ꝑ peliarmenum

511 484 1102 98 de roume. di ton signour ke ie li manc q̃ del

358 562 1298 110 empire de coi li miens ꝑes non li siens. fu a yretes

350 641 1306 102 ⁊ reciut les houmages. que il ne soit tant oses que

354 724 1306 102 puis leure q̃ tu li aras dit. demeurt en liu v iou

346 787 1303 102 sace quil en tiegne malle de signourie. Et se il ce

358 865 1279 99 ne fait. si viegne en liu v iou le puisse trouver.

354 932 1299 110 Et la pora receuoir loumage de moi tel com ie li

354 1015 1291 94 vorai faire. Atant fu cil tous lies qnͣt il se peut

350 1086 1299 114 partir de helcanus. ⁊ vint a roume si conta son si

350 1168 1322 114 gnour cou quil eut trouve .peliar̾. ki mie ne ses

354 1255 1318 86 frea si com vne fine mieruelle. manda partout

354 1314 1299 114 a ses amis cou quil li pleut. Et non mie q̃on li

350 1396 1299 115 aidast dou tout par amour ne ꝑ linage: mais

358 1479 1295 114 pour le sien. Dont il auint que li ꝯuoiteus ꝯvoi

346 1554 1326 94 tierent lauoir ⁊ li autre le uorent faire ꝑ linage.

354 1621 1299 102 ⁊ li autre ꝑ cremour. Si nauint onq̃s que nus

362 1699 1259 99 emꝑeres ki a roume fust meist tant de gent

350 1766 1306 110 ensamble con cil peliarmenum fist a venir en

527 1853 291 102 gresce.

503 1928 1169 98 el̾̾. a lautre les auoit remandet a son frere

350 1983 1279 122 dorꝰ. ⁊ partout v il quida avoir soucours q̃il li

346 2061 1299 111 vausissent aidier a desfendre son regne enꝯtre

342 2144 1295 102 le ꝯvoitous deseure dit. Dorus ki gnͣt despit

346 2219 1307 98 avoit de celui qui il avoit iadis mis a tel mr̾ci.

346 2301 1322 91 coume il est allours ꝯtenut. Iura q̃ se il iamais

358 2372 1298 107 pooit avenir que il au deseure en fust q̃il ne cun

346 2447 1314 98 cieroit mais lui ne autrui. Il ne fu mie p̾cheus

346 2518 1310 122 de soi ciercier en liu v il quida avoir secours ne

346 2589 1310 114 aiue. A chelui tans estoit mors li boins gnͣs

354 2679 1322 103 Robiers de flandres. qui le concorde avoit faite

342 2754 1338 114 isi coume il est contenu el coumencemẽt de ceste

346 2829 1303 118 histore. Mais dun autre prince qui avoit la

346 2900 1307 110 fille au boin conte qͥ m᷑docheus estoit apieles.

362 2986 1318 106 regnoit a celui tans en fland̾s. ⁊ auoit este fius

354 3061 1314 94 au preu duc karũ. de nisse qui encore regnoit

350 3128 1314 106 en gresce. Cil mardoceus si fu ml̾t convoiteus

350 3207 1291 94 de faire secors au preu helcanus. si prist tant

358 3277 1295 99 poi de boine ceualerie kil poit avoir. ⁊ vint

358 3356 712 110 sans segnour en gresce

488 3419 1141 110 aphus li fris ⁊ tamaint autre baron kil

468 3498 1181 102 amena od lui ne se mist mie ariere. Iosias

342 3572 1311 107 despagne ki autre fois avoit este ou pais. rauoit

350 3647 1322 126 mis son cuer en la fame ki avoit este leum. file

350 3726 1287 114 a lemꝑeur .k̾. laquelle avoit non cassidore. Si

346 3805 1299 94 nauoit mie volut aidier au convoiteus .pel̾.

369 3875 1232 103 por nul .d̾. kil li seuist proumettre. Ancois

401 3935 1279 98 vint en laide de .hel̾. si vint ml̾t esforciemẽt.

346 4009 1303 107 Que uous iroie ore celant ml̾t eut gnͣt ꝯfort

354 4100 1306 157 .hel̾. ⁊ asambla ses os esplains deual tabour.

1834 177 1357 94 v il eut par cont .c. mil ꝯbatans .pel̾. ki dautre ꝑt

1830 251 1354 114 reuint en auoit trop plus. Car ensi ꝯme listoire le

1830 330 1306 110 tiesmougne en avoit .c. ⁊ .l. mil qua piet qua

1838 413 1322 98 ceual. Ci endroit puet on auq̃s sauoir q̃ selonc

1841 491 1350 99 cou quil a este allours contenu. q̃ ml̾t i avoit dau

1849 558 1354 110 cuns boins chr̾s. Dont il auint q̃ ia asses a tans

1838 637 1314 106 ne quidoient venir ensamble. pour coi il ceuau

1841 716 1335 102 coient si a esploit que bien sambloit q̃ cascuns

1838 790 1015 103 qui doit avoir le tout gaegnie.

1963 865 1225 95 eliarmenus ki a cou avoit mis sa cure qͥl ne

1987 912 1232 111 li caloit mais kil li coustast pour tant qͥl peust

1845 1007 1335 114 mettre ses .ii. freres a mort. car le tiere i avoit

1838 1082 1346 106 il mis. Et que fist li convoiteus .xxx. paire de let

1841 1152 1339 111 tres avoit tramises a diuiers princes. q̃ qui li

1838 1235 1357 106 poroit rendre mors v uis hel̾. ⁊ dorꝰ. ⁊ il li dõroit

1838 1306 1326 114 lempire de coustantinoble. ⁊ li donroit samour

1838 1389 1346 106 ⁊ deuenroit ses hom tout ligement. De ces letr̾s

1841 1475 1299 106 eut .x. paire en lost .helcanꝰ. Et en la siue ost

1826 1542 1338 118 .xx. paire. ha dx̃ con ci a cruel traison. ⁊ q̃ ne seu

1830 1625 1369 90 rent li vallant prince le mortel enꝯbrier que a

1838 1699 1365 95 venir leur deuoit. de ciaus meismes ki plꝰ pries

1834 1774 1330 106 li estoient. ha: traisons con tu ies invisible.

1841 1837 1350 126 Ia est il nus ki de toi se puist gaitier. Nenil vraie

1834 1916 1357 114 ment ci le puet on veoir. Car li faus peliarmenꝰ

1834 2002 1377 103 ne quida ia asses a tans venir a sa gnͣt ꝯfussion.

1841 2065 1362 118 Ne li autre ꝑtie a leur grant martire. Que vous

1841 2152 1343 102 en feroie ore .i. lonc decrit. Tant ont ceuauciet

1834 2219 1338 118 li .i. sour lautre q̃ les os se sont entraprochies

1841 2294 1350 114 ⁊ virent li vn les autres qui a mieruelles fai

1849 2376 634 103 soient a resougnier.

1995 2447 1216 114 orus qui la rage avoit dedens soi ⁊ ne li:

1928 2514 1303 122 calloit quel painne ne quel ahan il soufrist

1845 2597 1343 106 mais quil peuist aꝯplir sire. p᷑ coi il mist sa gent

1845 2675 1354 122 a vne ꝑt. mardocheus a lautre les. Iosias aut̾

1841 2758 1319 118 si .karus de nisse. mirus. ⁊ .heleas. Nestor

1845 2837 1323 114 ⁊ lichorꝰ. ⁊ maint autre baron dont li contes

1849 2919 768 95 fait ases pau de mension.

1987 2986 1181 102 lautre les .peliar̾. avoit maĩte plusour

1971 3065 1228 106 batalle. de coi li histore ne touce mie ml̾t.

1849 3140 1327 106 fors des aucuns sans qui li contes ne sest mie

1822 3207 1346 98 teus de ci a ore. ⁊ vous dirai daucuns. li rois

1838 3281 1334 107 daragoune i fu tres enforciement. li marchis

1841 3356 1350 106 de faboune. li vasaus de tiere de labour. li prĩces

1849 3439 1346 98 daquilee. li dus de pulle. li marcis de montir.

1849 3510 1323 102 li rois de sesile. li quens de prisse. li visquens

1845 3584 1339 118 de necuiapol̾. li quens de lemoree. ⁊ tãt des aut̾s

1849 3675 681 94 q̃ nul ni seuist aviser.

1979 3746 1181 94 n ce q̃ les .ii. ꝑties furent apreste de ferir

1971 3816 1205 107 ensamble. vint .i. sages princes de gresce

1853 3875 1283 103 ⁊ avoit cil a non karus si fu dus de nisse. ⁊ avoit

1838 3946 1334 99 sierui darmes a lempereour .k̾. Cil vint a .hel̾.

1841 4021 1311 106 ⁊ li dist. Sire si voirement maiut li sires qui

1845 4108 1295 141 me fourma. q̃ ml̾t deues gnͣt paour avoir
