3445 4722
320 188 1346 126 iou ni auoie droit. Coume cil ki mie nauoie este en

322 280 1346 118 genres de son pere. ⁊ de ce ne me doi ie mie ml̾t cou

314 367 1352 99 recier. Car on set bñ q̃ sa mere fu cacie de lempire.

317 430 1343 123 p᷑ ce q̃lle sabandounoit a garcons ⁊ allours dont

322 508 1333 108 il fu engenres. Et celle ki seut dart ding̾mance.

325 595 1335 102 fist tant q̃ li diable le garirent a ce q̃ puis se racor

322 668 1291 95 da a men pere qͥ maniere en amenee q̃on asses

322 737 1296 99 bñ set. Si voirement mait nr̾e sire. si le ꝯpera

325 810 1317 105 vr̾e sire avant q̃ ie iamais repaire ens en lẽpire

322 894 1325 89 de roume. Sire dist mirus ie ne sui mie ci venus

322 954 1338 108 p᷑ a vous ci horer. Ancois sil vous plaisoit respon

322 1028 1302 102 deroie a cou q̃on vous a fait entendant. dites

322 1101 1336 108 tost dist .pel̾. car ie nai q̃ faire de ur̾e siermoy.

317 1172 1341 113 Sire dist mirus non aves vous dautrui. Mais

320 1251 1314 113 ie ne uoel mie q̃ vꝰ ne sacies la uerite de ce q̃ ie

314 1324 1357 116 voel q̃ vous sacies. Il est voirs ausi ꝯ vꝰ aues dit.

320 1398 1359 107 q̃ vꝰ mon signeur mandastes asses courtoisemẽt

325 1476 1369 124 qͥl venist a roume ⁊ q̃ vꝰ auies entendut. q̃ li em

317 1560 1375 113 ꝑeres de coustantinoble deuoit iestre hom a len

314 1636 1336 100 pereur de roume. ⁊ q̃ vꝰ volies qͥl fust vr̾e hom.

314 1699 1312 113 Mesire ki mie ne qͥdoit q̃ vous cou li deuissies

322 1775 1323 105 qr̾re. cautres nauoit fait a ses suscesseurs.

320 1865 1340 92 Com hom iries respondi a ce. q̃ vꝰ avant tenries

320 1928 1325 107 de lui vr̾e empire. q̃il de uous le sien. ⁊ sil estoit

322 2001 1317 121 ensi q̃ vꝰ vausissies mettre ces chosses a bien:

317 2082 1338 103 Si feissies respitier ceste iournee. Mesire le feroit

322 2166 1336 100 a lautre les. Miror dist il voirement dites vous

322 2235 1346 94 mr̾uelle. se vr̾e sire se viut mettre devr̾s moi.

320 2308 1319 92 tant q̃on sace la uerite. Ie le sousferai a venir

322 2389 1354 82 a amende. Et se ce non si en ait ki bñ la desierui.

322 2450 1359 112 mirus ki fu auises dist. Sire bñ aves dit. ⁊ ie le

322 2526 1325 110 ferai ensi mon sign᷑ sauoir. ales dont dist .pel̾.

474 2607 1163 105 nsi se ꝑti sagement mirus dou traitour

472 2686 1162 99 car autrement leuist il detenut. ⁊ qnͣt il

320 2759 1346 97 vint ariere. il lor ꝯta la felounie qͥl avoit tͦue.

314 2846 1365 100 Dont il auĩt q̃ cascuns ꝓudom avoit cuer de liõ.

317 2932 1341 105 ⁊ li autre eurent paour. ⁊ li tierc ꝯvoitierent

317 3001 1338 115 la destruision de lor signour droiturier. ha: las

317 3090 1343 92 ꝯ ci auint gnͣde pities de si tres noble vasaus.

317 3150 1359 105 ⁊ vr̾e sire ki ne ueut les siens fors ꝑ glaue. sous

306 3216 1373 102 fri q̃ ces .ii. os samaneuirent de uenir ensãble.

314 3287 1323 104 ⁊ vous dirai ꝯment. Dorus ki bñ qͥdoit tout

312 3357 1369 113 sourmonter. A faire darmes el ꝯmencement.

317 3433 1356 98 Ne ueut soufrir q̃ nus euist la premiere batalle

309 3517 1367 79 sil non. Mirus la seconde. karus la tierce. Iosi

291 3578 1380 107 as la qͣrte. Iaphus la quĩte. ⁊ hel̾. fu li estã

299 3654 1356 113 dars. mardocheus fu li ariere garde qͥ maĩt

251 3725 1404 110 vallant baroni eut en sa batalle. a lautre les

291 3801 1359 97 eut li marcis de faboune la premiere. li vasaꝰ

296 3866 1383 118 lautre. li dus de pulle la tierce. li rois de sesile

314 3932 1338 123 la qrͣte. li visquens de neqͥapol̾. la quinte.

317 4008 1325 110 li marcis de montir la .vi. li qnͣs de prisse la

304 4074 1348 149 .vii. pel̾. fu en lestandart. li princes daqͥlee

1834 170 1372 136 en .viii. Et li rois daragon fu en lariere escie

1828 275 1320 97 le. qͥ mlt̾ saati de mettre au soufrir chiaus

1834 351 952 100 qͥ iadis lavoient mis au bas.

1944 427 1259 105 i marcis de faboune ki iones ⁊ plains fu de

1933 503 1267 105 ses volentes. vit venir dorꝰ od lui gnͣt pelẽ

1828 579 1359 100 te de barounie. ⁊ non mie a loi degent esꝑdue.

1828 658 1362 97 Il a lautre les ne se maĩtint mie ꝯ hons maris.

1831 737 1359 97 anchois envoia au vassal de tiere labour qͥl ne

1828 807 1378 105 laissast mie ꝯment q̃ la cose se preist. qͥl nasam

1831 889 1354 92 blast asses tost apries cou kil seroit mis a la

1828 965 1386 79 batalle: Car se il celi pooit outrer as autres na

1834 1025 372 103 roit q̃ faire.

1962 1099 1252 110 ors ne demora gaires qͥl saꝓcierent dãbes ꝑs.

1975 1177 1212 105 ha: ki dont oist cors ⁊ arainnes souner.

1823 1256 1372 95 taburs ⁊ timbres tentir ⁊ freteler. Ces armes

1823 1335 1349 94 resplendir ⁊ ces labiaus voler. le solel el fin or

1826 1398 1356 113 reluire ⁊ alumer. Cest diestr̾s ꝑ orguel brai

1826 1482 1351 97 dir ⁊ trauierser. Ces ch̾rs en armes lor escus

1828 1558 1341 92 acoler. Ces fors espius brandir estraĩd̾ ⁊ a

1823 1634 1343 86 viser. Souvent deures en autres soufaskier

1826 1697 1398 113 ⁊ ꝯbrer. Ne fust couars el mande ne deust recou

1826 1783 892 90 vrer. Cuer ⁊ vigour en soi.

1941 1854 1262 108 n ceste maniere asamblerent dorꝰ ⁊ li mar

1873 1928 1330 118 cis si aigrement q̃ le plꝰ tost qͥl peurẽt venir

1828 2006 1404 103 ensamble sentre ferirent des espius en tel manr̾e.

1823 2090 1354 103 qͥl ni eut si fort q̃ tost ne volast en pieces. dont

1831 2159 1383 97 dou plus fueble deuist iestre mis a tr̾e .i. auma

1831 2242 1330 87 cors. Et por ce ne demora mie ken cel poindre

1828 2316 1341 92 misent tost main as espees. ⁊ sentreuinrent

1823 2381 1349 100 de si mieruelleus air. quil ni eut celui escu.

1823 2455 1354 94 qͥl naient pourfendu deci en la boucle. ⁊ descen

1828 2531 1370 102 dirent li cop sour les hiaumes ki furent aduret.

1831 2610 1320 102 ⁊ nonp᷑qnͣt cil ki fu li plus fors. ne peut le cop

1834 2696 1338 105 tenir. quil ne soit entres en la coiffe ⁊ li bacĩs

1831 2772 1354 108 fausses. Apries cestui ont taint autre ferut.

1828 2851 1349 115 si quen la fin dorꝰ a mis le marcis au sousfrir.

1831 2932 1333 111 Mais ce q̃ valut li vasaus de tiere labour li re

1831 3011 1312 108 vint. qͥ tous entais feri sour lui. ⁊ cil iert

1831 3079 1362 105 trop gnͣs ⁊ fors. ⁊ le quida prendre a mescief.

1831 3161 1312 89 Mais cil en qui proecce florissoit le prist ẽ tel

1834 3229 1351 92 maniere. q̃ la v li vasaus le quida ferir. Se

1831 3300 1325 105 hasta dorꝰ ⁊ li lanca lespee si a point q̃ desous

1828 3376 1349 89 lassiele li coula el cors. par cestui tour recou

1834 3447 1340 102 vra dorus au marchis. qͥl leuist mort se dx̃ le

1823 3520 1338 97 vosist avoir soufiert. mais qnͣt li vasaus fu

1828 3596 1365 110 ceus. Si tres gnͣs force vint sour lui. q̃il neut

1828 3680 1341 87 pooir de plus faire qͥ se traist ensus castoiant de

1826 3748 1322 100 lespee de si ruiste maniere. q̃ mal de celui qui

1831 3822 1220 94 ne fust tous lies qnͣt il lor fu ensus trais.

1959 3887 1223 118 i marcis qͥ il sambla qͥl ert venus de mort

1975 3971 1186 95 a uie. uis q̃ li vasaus fu ocis ⁊ dist. biau

1831 4032 1346 115 signour ml̾t a a gnͣt mescief ales ⁊ sẽportes

1828 4118 1320 129 le vassal. ⁊ ne quidies mie. que tant ꝯme
