3442 4761
423 243 1294 98 conquis. pour coi il ne peut mie legierement

420 306 1323 111 avenir q̃il ni euist aucuns qͥ mlt̾ furent tͣuillie

418 383 1325 106 ⁊ naure. Mais il pour cou ne se uorẽt mie mettre

420 457 1297 111 au repos. Ancois se missent avant pour sauoir

420 536 1294 101 ⁊ enquerre la uerite de lor signour. Si se taist

423 610 1325 112 ore ici li ꝯtes ⁊ repaire a hel̾. ki a lautre les fai

423 690 1307 111 soit sa cace ensi ꝯme ie uous avoie fait mẽsiõ

423 772 550 92 deuant ou conte.

582 835 1148 96 our cou q̃ ie ne puis mie ore mener mõ ꝯte

436 912 1318 95 a ce q̃il ne couviegne savoir lune cace apres

428 989 1294 92 lautre isi ꝯ moi est avis. Mirus ki toute autre

428 1058 1291 89 cose avoit mise ariere pour tenir pries .hel̾.

433 1129 1294 103 ausi ꝯ iou avoie dit desus. Coument il sestoit

431 1208 1333 98 abandounes a faire cou qͥl couvenist laissier. En

428 1285 1304 95 tel manr̾e aloient roumains castoiant: q̃ mal

428 1359 1294 93 de celui ki ne fussent deuant iaus. De coi il a

428 1441 1312 98 vint que tant en i eut des ocis q̃ nus nen qͥdoit

425 1518 1310 95 vis escaper: li traitour de coi li ꝯtes ne fait

431 1587 1309 92 ore ci endroit mencion qͥ il furent. P᷑ ce q̃ trop

428 1658 1307 92 vilaĩne cose sambleroit as aucuns ki dolant

436 1745 1299 95 st̾ de ciaus ki ꝑ linage. ⁊ ꝑ ce q̃ boins arbres si

439 1817 1315 97 doit ꝑ raison porter boin fruit. ⁊ il avient au

436 1885 1294 96 cune fois qͥl ꝯvient q̃ cil arbres falle. ⁊ par plꝰ

436 1970 1302 90 iours raisons. ensi com li plusour seuent.

436 2039 1360 103 Cil maleois fruis fu en agait pourveus de force.

423 2123 1357 93 ⁊ vinrent de si ꝑforte viertu que enuie ki nul da

436 2195 1341 90 mage qui puist avenir a nul poure gent. ne re

440 2253 1314 103 doute. douna cuer ⁊ hardement ciaus ki recou

433 2335 1336 106 vrerent a ce. quil vinrent a .i. fais sor les ꝓudou

412 2404 1307 100 mes qui mie neurent dou tout en tout eus

423 2483 1299 103 lor amis. ⁊ furent ausi entrepris. que len

410 2552 1336 93 conte dou boin iudas macabeu: qui tant en

423 2621 1323 116 eut a .i. ior entor soi. q̃ la tres gnͣs multitude

431 2713 1325 103 des paiens lestainst ⁊ ne seut mie bien ꝯmẽt

441 2787 1302 106 il autrement fu ocis. Tout autresi avint

433 2869 1344 103 il de ces .ii. preudoumes. ha: dx̃. si soufissanmẽt

433 2938 1321 95 mirus si aida. en abatant lun sour lautre.

436 3007 1331 100 que li ꝯtes dist. q̃ qnͣt li doi ch̾r furent asam

433 3089 1315 87 ble. il se misent dos a dos. ⁊ la ne leur ẽ savoit

439 3166 1293 82 tant venir q̃ de toutes ꝑs ne les meissent a

436 3229 1302 106 mort lun sour lautre. Si q̃ ꝑmi chiaus

433 3303 1355 98 lor venoient engrami. ⁊ leur furent leur ce

436 3380 1341 103 val ocis ⁊ mis a tiere vausissent v non. Qui

423 3454 1341 108 dont veist lun ⁊ lautre lor vies calengier.

410 3531 1322 103 ⁊ a la fois les durs cols receuoir: a la fois

431 3605 1301 92 lun trebucier endens. ⁊ lautre tressallir

433 3679 1297 92 pour lui aidier. ⁊ recouvrer a celui ki plus

441 3753 1315 92 sabandounoit diaus envair. pitie diaus

441 3816 1347 98 avoir peuist ki en lui euist droiture. En

439 3901 1312 103 cestui enchaus ne demora mie q̃ nouviele

428 3970 1323 98 en vint a mardocheum qui ne demora mie

415 4033 1365 117 q̃il uint celle ꝑt o lui gnͣt plente de sa barou

416 4110 1310 214 nie. mais cil ki a ce les avoit pourveus.

1878 264 1315 61 ne veut soufrir q̃il fussent rescous. ancois

1878 304 1312 92 furent illuec outre ⁊ mort ꝯme cil ki plus

1878 378 1320 108 ne porent durer. Mardocheus ki la force a

1881 457 1312 103 voit amenee a tart. desaira si ciaus ki de cel

1883 539 1326 98 encauc estoient demore. q̃ mal de celui ki i de

1883 618 1334 98 morast. q̃ tuit ne fussent detrenciet ⁊ ochis.

1886 685 1315 111 Mais atant demora li cace coume cil ki bien

1886 769 1331 109 seurent q̃ .hel̾. ⁊ mirus furent mis a mort.

1883 856 1357 77 Qui dont veist mardocheum salir entre les ocis

1888 917 1337 85 ⁊ vierser lun deseur lautre. Coument ẽ flũs

1891 981 1328 95 ⁊ en l armes il hucois a haute uois .ha: biaꝰ

1888 1055 1360 108 sire .hel̾. quel ꝑt vous porai iou iamais tͦ

1894 1134 1333 106 uer: sire q̃l sens ne q̃l avis aves vous eut.

1891 1214 1310 105 qui sans moi gisies entre ces traitours q̃

1891 1298 1339 85 ie ne uꝰ puis trouver. ne enciercier. Sire. res

1888 1370 1326 97 pondes moi car se ie ne uous puis ballier vif

1894 1446 1341 101 ie ne quir iamais iour avoir ioie. ml̾t peust

1899 1518 1323 100 on auoir gnͣt pitie de mardocheus. ꝯment

1899 1592 1307 106 il se demenoit de la mort .hel̾. ⁊ si ne la peut

1899 1668 1333 96 trouver tant i avoit duns ⁊ dautres. ⁊ sans

1904 1740 1307 92 doute q̃ tant avoit la batalle dure. q̃il iert

1902 1817 1307 105 si tart q̃on ne peut sauoir liq̃l furent li vn

1907 1896 1312 103 ne liquel furent li autre. pour coi il ꝯvint

1915 1967 1315 106 q̃ mardocheus ꝯmandast q̃on alumast gnͣs

1912 2044 1307 103 torses. ⁊ on si fist en poi deure. pour coi li chr̾

1912 2134 1297 79 furent trouve a grant painne ⁊ trait

1907 2192 542 93 hors des autres.

2053 2256 1172 108 ont ne fu onq̃s si gnͣs dieus menes q̃

2048 2332 1191 115 on la peuist veoir de pluseurs ch̾rs. Ne vꝰ

1912 2412 1331 95 voel ore ici ariester dou tout a deuiser ꝯment

1912 2488 1326 96 lor afaires ala. Mais tant vous en puis ore

1915 2568 1323 111 ie dire. q̃en poi deure fu ꝑtout seu la mort

1918 2647 1325 93 dou vallant ch̾r .hel̾. ⁊ se traissent cascune

1912 2724 1355 106 ꝑtie au mius quil peurent li .i. avoec les au

1920 2798 1318 108 tres. ha: si tres gnͣt duel menerẽt li baron

1920 2880 1336 95 de lor signour qͥl avoient si malement w̾arde

1912 2957 1307 100 ⁊ soucourut qͥl ne fust nus sil les veist q̃ ml̾t

1915 3028 1320 93 gnͣt pitie nen deuist avoir. meisme Iosias

1918 3113 1344 92 despagne. Iaphus li fris. cil doi sen desesperoi

1915 3174 1336 97 ent tout. li autte baron enqueroient de dorꝰ

1910 3245 1333 103 ki nule nouviele nen sauoient. ⁊ qui dierẽt

1912 3327 1326 103 vraiement qͥl fust mors en aucuns lius par

1907 3390 1360 114 la champagne. v tant avoit duns ⁊ dau

1915 3472 1302 104 tres. que on ne seut qui fu leuriers ne

1910 3539 1322 111 viautres. Celle nuit couvint la barounie

1915 3615 1333 109 gesir sans loge ne tref tendut. toute ar

1923 3689 1302 101 mee. De boire ne de mangier ne fait or

1902 3761 1344 108 mie li ꝯtes gnͣt mension. Car tel anui eu

1929 3840 1306 95 rent li plusior ki ml̾t furent dautre cosse

1920 3925 1355 76 meu. a lendemain matin oirent nouviele

1928 3986 1302 105 q̃ dorus sestoit mis apries peliarmainne

1923 4060 1317 103 qui sen aloit sans lui aseurer. beneichon

1923 4136 1352 125 de dieu aiiou disent li aucun. ꝯment puet
