3428 4696
318 174 1303 144 dius ie le vꝰ dirai. Qnͣt celle a coues autrui eus. ⁊

315 276 1327 112 il sont eschipi ⁊ puis norri a ce qͥl puissent voler.

313 352 1326 101 Dont vient la uraie mere qͥ les aura puns ⁊ si cͥe

318 420 1329 96 en aucũ liu v elle est. ⁊ li piertͥsot oent leur vraie

315 487 1301 115 mere. Dont sesbatent ⁊ vienent au cri de celi

315 558 1306 122 qͥ les aura puns ⁊ si les siuront tous les iours de

318 644 1308 115 leur vie. Tout autres vꝰ puis ie dire ce q̃ mes cu

323 733 1311 104 ers me dist. vraiement q̃ ie cuit q̃ ie portai cest

326 798 1303 112 enfant en mes costes. Or est auenut qͥl me fu ẽ

331 873 1261 97 bles ⁊ si la vne autre coue: cest a dire norri. ⁊

336 947 1316 104 qnͣt auẽture ma ci auoiie: ⁊ li enfes a oie sa

339 1025 1308 102 vraie mere. vraiement cẽst mie m̾ueille se il

336 1106 1290 94 si tient qnͣt il i pueut venir. Qnt la pͥcesse oi

331 1179 1326 107 ce: si ieta .i. faus ris ⁊ dist. voirement fu il ton

326 1254 1308 110 dus. Iaie dehe se voirement ne doit on tenir

331 1330 1300 112 a menestrãdie ce que vos dites. Ie ne mesmͥer

331 1416 1329 97 veille mie se vꝰ esties lore viestis a guise de menes

331 1474 1350 120 trel. Car bñ saues dire chose dont on puet rire

342 1554 1294 113 ⁊ gaber. Dame dist lemꝑ. entre gius ⁊ gabeles

347 1633 1316 101 dist on voir a la fie. ⁊ coment que ie me giue a vꝰ.

349 1716 1298 84 ⁊ vos naues millor norrice de moi: serai ie nor

347 1781 1316 94 rice de vr̃e fil: tant q̃ ie arai oi nouiele dou miẽ.

459 1844 1180 117 ame dist li princesse mlt̾ gnͣs m̾cis ie cuit q̃ ie

443 1925 1204 107 me paᷤsera bñ de menor que vꝰ ne soͥies. Da

342 2006 1276 94 me dist elle bñ puet auenir. atant laissa lemꝑ

339 2076 1311 107 lenfant a alaitier ⁊ il encoumẽca a gromir ausi

342 2162 1318 99 come di me tu: il nest mie a moi biel que ie me de

352 2235 1318 102 ꝑt si tost de vꝰ. lors le reprist la princesse ⁊ li remist

349 2308 1293 84 la mamiele en la bouche ⁊ il se coumẽca ml̾t fort a

347 2374 1331 104 escheure ⁊ fist ausi come la frõgne. ⁊ puis rencou

349 2452 1306 94 menca a plorer. Dont se coureca la princesse ⁊

347 2520 1289 81 si le feri .i. poi ẽ la cheue ⁊ dist. q̃ cest sire bastars

349 2590 1319 112 q̃ mal ne puissies vꝰ auoir. Maues vous laissie por

355 2676 1310 102 vneͤstrange. voirement seres vꝰ encore se vꝰ viues

360 2752 1326 112 mlt̾ loiemiers. ¶ atant le repͥst li emꝑ ⁊ dist. ha:

365 2846 1287 99 dame ne vꝰ courecies mie au damoisiel car il ne

362 2924 1282 94 fait chose que nature ne li ensaigne. Ce sai ie

368 2992 1292 96 bñ dist le princesse. Que vos en iroie or plus .i.

365 3060 1287 88 lonc conte faisant trop en ai tratie ore ci. Mais

365 3112 1347 107 isi men est auenut. si veil ore a ce venir q̃ lẽ

355 3193 1305 99 ꝑ. se pierciut que li damoisiauᷤ ne vorrot

362 3276 1293 86 mais alaitier autrui q̃ li. si sauisa q̃le si fe

362 3339 1290 104 roit le dangier do demourer si prist congiet la

362 3415 1319 88 nuit ⁊ dist a la prĩcesse. ha: dame ie vꝰ mierci mlt̾

360 3490 1297 105 hautement de la gnͣt honor que vꝰ maues faite.

368 3571 1329 104 demaĩ enviers la tiere de ihrl̾m. Coment dame:

375 3652 1337 99 ia mauies vos en couent q̃ vꝰ de moi ne vos ꝑtireᷤ:

378 3728 1316 101 sans mon gre dist la princesse. Dame dist lemꝑ:

378 3795 1316 102 p̾meirement on doit paiier nr̃e signor que nule

375 3874 1298 96 autre chose: q̃ selonc ce q̃ vꝰ maues fait a entẽ

373 3939 1305 91 dre: li demoroie si ne me seroit mie couignable.

370 4020 1303 112 Par foi dame ie vꝰ ai dit: ce q̃ ie vorroie q̃on me

375 4101 1295 128 uist dist: selonc les auenues: Et por ce dist elle

1785 232 1251 92 ne veil ie plus ariester si sarai autre chose q̃ ie

1786 281 1261 106 nẽ sace. ¶ lors sauisa la princesse coment elle se

1798 360 1246 99 porroit maitenir de ces choses ⁊ dist a li meime.

1791 425 1281 112 Mlt̾ me couient ore faire vne laide chose de cest

1788 508 1264 102 enfant q̃ iai pris en si gnͣt amors: qͥl mẽ couient

1793 579 1282 104 faire larcin ⁊ encore piis. car il me couient q̃ iẽ

1791 654 1276 113 deshirite autrui de son droit. coment. ie fais

1791 733 1276 107 mon signour a entendre qͥl est siens pͬ celui qͥ

1791 813 1279 102 mors est. voire mais ie i regarch aucũ bone

1798 894 1295 89 raison. car sil auenoit q̃ cis damoisiaus venist

1793 952 1285 109 en eage detendement. Ie li ferai asauoir qͥ il est.

1793 1030 1329 112 ⁊ selonch ce q̃ iai entendut qͥl doit venir a si gnͣt

1796 1121 1271 99 ꝑfection de grasce: Il ne puet faillir que ceste

1798 1184 1324 112 tiere ne soit en millour point de conu̾tir a nr̃e

1801 1262 1292 107 signor ih̾ucͥst. q̃ dont se il i auoit hoir de male

1801 1338 1274 99 semence. Car vraie chose est. cõbñ q̃ la tiere

1806 1416 1285 102 soit bone ⁊ li semence male: boins fruis nen

1809 1492 1258 83 puet naistre de legier. Ce est toute verite ⁊

1809 1570 1316 94 cest vne raisons q̃ me puet warder ma cõsciẽce.

1793 1633 1308 91 Voire mais vne autre chose ia de coi il me couient

1806 1724 1295 83 prendre cure de ceste c̣ḥọṣẹ bone dame qui ci est

1809 1776 1292 97 qͥ bñ se doune garde ⁊ li dist li cuers q̃ cis damoisiaꝰ

1809 1849 1284 107 est siens. Por coi ie vorroie volentiers que ie le

1811 1933 1295 96 peuisse metre a pais que vausist demorer aue

1814 2003 1313 97 uech moi ⁊ aidier a norrir sen fil mais q̃le ne seu

1814 2076 1308 102 ist quil fust siens. Et dius qui li donroit ẽ mani

1814 2154 1295 100 ere de coulour qͥ iai dite desus. voire coment.

1817 2225 1276 107 Par foi ensi. Dame pour dieu m̾ci: il est ensi.

1817 2295 1305 107 q̃ pͬ lonnor de ih̾ucrist a ensauchier tout p̾mie

1822 2371 1305 89 rement. apries pͬ la nr̃e pais tout pͥncipalmẽt

1824 2439 1332 99 Ie ausi me veil decourir a vos dune chose qui mlt̾

1809 2507 1326 107 deuroit iest̾ confiese ⁊ celee. ⁊ sil estoit ensi quil

1824 2580 1355 112 ne peuist iestre cele. hardiement vꝰ fait asauoir

1824 2655 1288 118 quil couient q̃ vꝰ ⁊ vr̃e fius: faillies a ce quil ẽ

1824 2741 1308 128 est prophetisie: voire si come de coi. Ie le vꝰ di

1827 2835 1298 105 rai: qnͣt faire le couient. Ie le vꝰ ciertefie por

1824 2908 1329 89 voir: q̃ voirement q̃ cis damoisiaus est vr̃e fius

1827 2974 1300 101 ausi come iou ai de vos entendut. Por coi il co

1830 3044 1289 86 uient que vos en oures par mon conseil en teil

1827 3112 1285 81 maniere que vos demores o moi ⁊ si laideres a

1830 3182 1274 102 norrir tant qͥl soit hom. ⁊ couient q̃ vos a nu

1830 3245 1313 102 lui ne confiesses q̃ li damoisiaus soit vr̃es. car au

1830 3318 1282 107 trement seroie deshoneree ⁊ vos ⁊ il en pories

1830 3381 1287 117 iest̾ destruit. Par mon cief se ie ce li disoie bñ

1830 3461 1302 128 li poroit souffire. Car se ie estoie en son poĩt

1830 3555 1300 113 bñ me sousfroit. ausi cuit iou q̃ausi feroit il

1832 3626 1314 115 soi. Et dautre ꝑt sil auenroit que ie le feisse

1835 3707 1305 94 vne autre chose ⁊ v il euist maĩs de souspecõ

1835 3775 1297 112 que li damoisiaus ne me fust tolus v rauis. Ie

1835 3848 1282 107 le feroie cuere .i. enfant qui auques seroit

1840 3908 1342 125 a la samblance ⁊ de ḍeage de cestui. ⁊ le carchero

1835 3978 1329 138 ie la meschine qͥ cestui maporta. ⁊ si li feroie faĩd̾.

1840 4072 1319 138 que ce seroit cil que elle aroit trait darragõ
