3382 4671
410 202 1295 119 tune poi pitouse ies de ciaus qͥ toi couoitent

407 293 1293 101 a sieruir: come tu mas ore tost mis de haut

407 363 1303 98 em bas. lor a ahiers son moiniel ꝑ gnͣt air. ⁊ si

399 430 1311 96 le sona si haut: q̃il fu auis q̃ toute la fories en

402 500 1285 96 tenti. ⁊ qnt il eut ce fait. dont se mist le che

399 570 1327 109 mĩ a diestre. qͥ bñ li sambla qͥl se remetoit trop

402 648 1295 109 enviers midi. Mais por ce ne laissa son oire.

397 726 1323 99 Si entendes ore coment nus ne se puet war

397 801 1305 107 der donme qͥ traison porchace. Cil faittrop

402 887 1321 70 dont ie auoie fait mensiõ deuant. auoit tãt

394 939 1316 96 por trait. qͥl sert dou chastiel ioious ⁊ mis en

394 1014 1316 107 la foriest perillouse arrier pͬ auenturer se

394 1089 1298 109 il ṣẹịḷ peuist nient enclore la puciele ꝑ ạụ

394 1167 1321 96 aucune auenture: ꝑ coi cele ne peuist mie

394 1235 1290 98 venir a son iour. Dont il ert auenut quil

386 1313 1324 98 auoit celi achaĩte. issi come /ele/ sen aloit son ch̾

389 1388 1292 93 mĩ. ⁊ qnͣt elle le vit venir: contre viseu re

389 1458 1303 109 cuit ⁊ dist faitrop: chr̾s adroit. voirement d̾

384 1538 1342 96 voir cil qui dist. Drois vait auant ⁊ tors a orce:

381 1611 1282 104 Mius vaut engiens que ne fait forche.

493 1691 1201 78 oment damoisiele fait faitrop or me di

474 1749 1226 98 tes que cest a dire. volentiers dist celle qui

378 1826 1345 96 ml̾t ert auisee. Ie voi bñ que ie ne puis escha

371 1907 1290 106 per q̃ ie en la fĩ ne soie tiuwe ⁊ pͬ ce di ie que

371 1982 1316 109 tes engiens me fait de mon droit sousploiier.

376 2060 1347 106 ⁊ me plaist que ie me repente: q̃ si longem̃t

376 2127 1321 109 ai langui por .i. nisce ch̾r que li diu mauoi

368 2197 1350 102 ent ausi come promis a auoir ⁊ si nẽ arai mi

365 2268 1329 116 e: anchois couient que ie taie ꝑ ton engiẽ. Por

371 2345 1282 112 coi ie saueie en partie q̃ tu testoies ci mis por

371 2421 1284 90 moi venir a mon encontre. Or alons tost a ma

368 2488 1274 107 dame ⁊ si metons fin en nr̃e afaire. Cil qui ne

368 2558 1337 114 chacoit el fu maĩtenant decuis ⁊ dist. ha: damoi

358 2633 1323 112 siele dites moi dont /q̃/ cil Iaphꝰ est deuenus foi que

365 2709 1322 106 ie te doi: Ie le laissai dormant qnͣt ie me ꝑt dou

352 2784 1316 117 chastiel ioious. bñ est dist il. Dont prist cil la

368 2854 1319 114 puciele deuant soi vausist v nõ ⁊ le mist sãs

358 2929 1334 107 son gre sor le col de son cheual ⁊ dist. ne cuidies

368 3005 1332 93 ore mie que pͬ vos paroles si me tenes en voie:

365 3072 1296 109 q̃ vꝰ me puissies eschaper que moi ne couig

363 3134 1303 104 ne q̃ vꝰ soiies. Dont nosa cele noise faire car

355 3191 1381 112 pau vausist a li. a lautre les bñ cuidast cil ⁊ seuist:

355 3274 1329 117 q̃ ce quil auoit dit fust fable. si dist ha: ch̾rs sanᷤ

355 3352 1300 101 m̾ci: ia as tu paour de celui qui dort. voir a

347 3415 1340 106 ues dit fait il. Iamais ne meschaperes sans mes

342 3492 1373 117 auenture. lors se mist en la foriest au trauerser

334 3573 1314 111 ensi come li h̾mites lauoit veut qͥ a celi eure

329 3651 1334 111 auoit passe illuech issi cõ ị il en auoit fait mẽ

329 3729 1339 101 tion deuant si cõ vꝰ aues oit. Dont il auient

321 3788 1309 109 de ce vne noble auenture si ꝯ ie vꝰ conterai.

327 3866 1336 109 ¶ Qnͣt cil faiprop ot la puciele choisie ⁊ miᷤ

319 3934 1386 119 si ensi cõ ie vꝰ ai conte deuant soi sor son cheual.

324 4009 1339 155 Il sauoit les chemĩs ⁊ la uoie ꝑ tout le paiis

1873 205 1314 127 ⁊ la foriest. avint de ci quil se mist o la pu

1866 288 1344 122 ciele a traueser le bois: ⁊ auĩt ausi come ie vꝰ

1871 363 1360 117 auoie dit desus quil en vne lande senbati qͥ a m̾

1871 425 1360 122 veille fu gñs ⁊ biele. ẽmi liu de cele lande auoit

1868 511 1319 104 vne horbe daubres ⁊ i auoit vne fontaĩne qͥ fu

1866 568 1368 137 la tres plus m̾uelleuse chose a ueoir qͥ onq̃s fuᷤt

1866 648 1334 130 apiercheue. Car ausi come li contes le deuise:

1861 729 1315 119 Ors ne argens ne falloit a chose qͥ soushaidier

1866 799 1339 122 vausit por coi il auoit illuech une colõbe qͥ par

1858 882 1334 101 samblant fu asise: sor .i. porphire viermeil go

1863 941 1339 117 ute de vert de blanc ⁊ de gaune. Cil auoit bñ

1858 1017 1329 122 .xx. pies desquarie ⁊ de cel maubre si naisoit

1850 1092 1345 119 ꝑ samblant cele colombe qͥ saparoit toute de

1855 1162 1342 132 fĩ or. au desus de li auoit un bacĩ dargent: ⁊ ꝑ

1855 1243 1342 119 mi le colõbe si montoit el bacin ꝑmi .i. tuiel

1858 1323 1313 99 .i. rais dune fontaĩne si rades: quil sonoit

1858 1401 1313 111 ausi come .i. cors a longe alaĩne ⁊ dilluech

1861 1468 1352 122 recheoit v bachin qͥ se re widoit ꝑmi vn aut̾

1853 1546 1368 114 tuiel. ⁊ si nestoit nus qͥ ia seuist mie q̃le deueno

1858 1637 1347 93 it: si come il ni ert mie mestiers. a ce gnͣt bacĩ:

1853 1704 1357 83 rependoit .i. autres petis a vne chaĩne qͥ disoit

1855 1754 1332 116 ꝑ letres qͥl auoit ẽ l/a/ bordure faites desmaus. qͥ a

1850 1829 1321 117 moi benera sa samblãce muera. par celi foi q̃

1850 1917 1365 96 ie doi a nos damoisiele fait faitrop: il vos co

1850 1992 1326 117 vient boiure a cestui. Sire dist elle pꝰ quil

1848 2065 755 96 le couient faire lestuet.

1972 2138 1241 98 aĩtenant cele si pͥst le bacĩ ⁊ si biut a enviᷤ

1902 2190 1329 129 ⁊ fu mue en vne samblace mlt̾ diuierse.

1842 2283 1358 112 ⁊ tout ausi fist cil qͥ se douta de ce qui auĩt. En

1842 2353 1386 117 ce qͥl eurent ce fait eme vos q̃ iaphꝰ auoit

1840 2423 1368 127 son moiniel pris ⁊ sona isi come ie auoie dit.

1840 2504 1349 116 la puciele entedi le moiniel ⁊ le conut mais ce

1842 2579 1347 101 ne fist mie li cuuiers. Anchois ne sen douna re

1845 2652 1370 106 gart ⁊ dist. or ne mẽ chaut qui voist ne qͥ vĩgne.

1835 2714 1352 119 Illuech auoit tout le plus biel liu qͥ onques maiᷤ

1829 2800 1337 119 fust veus ⁊ cil prist la puciele ꝑ la maĩ ⁊ dist

1835 2875 1362 117 quil voloit illuech ombroier car il faisoit si ch

1837 2950 1363 117 aut que nꝰ nel porroit croire. Maĩtenãt cil fai

1832 3015 1352 111 trop se vot uier a la puciele qͥ cure nauoit de

1832 3095 1329 104 son doịsnoi ⁊ dist. Sire car vos souffres de moi

1827 3158 1339 106 embracier ne acoler: au maĩs tant qͥl soit ensi.

1827 3222 1349 117 Car vos moceistes mon frere ⁊ por ce ne uos pe

1832 3293 1368 116 uc ie onques puis amer. ⁊ por ce en ai ie rech̾v

1829 3368 1366 117 maĩte pourete pour le dius qui promis mavo

1819 3438 1376 130 ient cest damage a restorer. ⁊ pꝰ qͥl a dieu ne pla

1822 3518 1349 120 ist. Si me faites tant donnor entre tante hõte

1822 3599 1362 117 que vos me deportes au maĩ tant q̃ nos vignõs

1816 3664 1353 124 devant madame qͥ le confirmatiõ de la pais

1816 3736 1329 125 fera de nos deus. Cil dist que ia nauẽroit qͥl

1811 3814 1352 125 le tenist en si biel liu: ⁊ puis si naroit .i. seul ba

1809 3884 1360 122 isier amourous de li. Ia ꝑ meᷤ dieus baisier na

1798 3957 1358 119 res de moi dist elle. ensi ne autremẽt devãt

1793 4032 1396 153 ce q̃ ie vꝰ ai dit. Et se vꝰ me faites chose qͥ me deplai
