3379 4680
434 182 1314 114 moi qui tu ies qͥ si bñ me ses nomer ⁊ ie ne sai qui tu

426 265 1311 106 ies. ha: dist cil ie sui cil faitrop qͥ hier au castiel ioioꝰ

424 338 1329 106 me rendi recreant ⁊ mat de la bataille q̃ ie fis cont̾ toi.

418 392 1309 128 Coment dist Iaphꝰ puet ce iestre voirs. ha: dous a

421 473 1293 112 mis dist la puciele cest toute verites q̃ cest cil mei

418 543 1314 125 me ⁊ ie ausi por cui vꝰ loustrastes. Beneicon aiie de

413 626 1314 115 diu dist il quest ce que vꝰ dites. de nule rien qui vi

416 709 1293 91 ue: ie nai: miꝰ la samblãce en mon cuer que iai

413 767 1350 109 de celi por cui ie fis hier la bataille. Mais de celui fai

413 845 1311 111 trop ni ai ie mie bñ ret̾nue la samblãce. Ie vꝰ en fe

413 912 1345 120 rai dist elle tout veritable. lors li dist quil preist celui

405 988 1322 117 faitrop par la maĩ ⁊ si lamenast illuech a celi fon

410 1066 1286 111 taĩne ⁊ si p̾ist le bacĩ qͥ illuech pendoit a la chaĩne

405 1144 1311 114 dargent ⁊ si li sist les letres qui faites iestoient a es

403 1216 1293 128 maus ⁊ li sist qͥuil i auoit escrit. Il ne veut mie

400 1287 679 111 laissier que il ce ne feist.

512 1367 1191 125 ors qnͣt Iaphꝰ eut liutes les letres qͥ estoient el

530 1443 1192 124 bacĩ: si eut gnͣt m̾uelle que ce puist iestre vo

390 1513 1339 122 irs de ce que ces lettres disoient. ⁊ dist. Puciele: com̃t

387 1588 1311 107 porrai ie sauoir q̃ ce q̃ ces letres dient soit verites.

387 1661 1350 127 En non diu sire ꝑ moi le porres prouer. De maĩtenãt

382 1731 1363 133 saisi cele le bacĩ ⁊ si puisa en lautre bacĩ ⁊ puis buit

382 1809 1353 130 .i. gnͣt trait come celle qui auoit m̾ueille soit. ⁊ talẽt

382 1895 1337 120 de repairier arriere en sa plus biele sante ⁊ main

377 1976 1347 119 tenant conuierti arrier en sa samblãce q̃ Iaphꝰ la

382 2043 1319 115 uoit veue deuant. lor qnͣt il le choisi: si fu si ioiaꝰ

374 2108 1319 125 q̃ de fine ioie quil enuit li ieta les bras au col ⁊ si

371 2186 1317 112 lestroĩst iouste soi ml̾t amiablement ⁊ leuist bai

369 2249 1306 137 sie: qnͣt elle li guenci ⁊ dist ha: sire por diu m̾ci. Il

369 2329 1321 135 nest ore mestiers ꝑ mon chief biele si fust. Maist

369 2402 1308 130 li tres gnͣs ioie q̃ iai de vꝰ. me fist conuoitier ce q̃ ie

369 2475 1350 130 ne deuisse ia auoir pense. Sire dist elle ne vꝰ cha

369 2545 1386 138 ut. car sil plaisoit a diu: a cesti chose ⁊ a millor por

364 2631 1329 125 res vos en procaĩ tans recouurer. Mais or poues vꝰ

361 2711 1355 141 faire boire cest traitor qͥ ci ma cuidiet ⁊ vꝰ daut̾ ꝑt

361 2792 1308 120 trair ⁊ deceuoir: Atant cil faitrop vaufist v nõ

361 2860 1345 132 prist le bacĩ ⁊ si but ⁊ reuĩt arrier en sa samblãce

361 2922 1350 146 ⁊ si le rauisa Iaphus ⁊ dist. coment vasal sont ch̾r

353 3003 1301 127 si loial en cest pais que tu mas ta foi issi fausee.

343 3065 1324 133 Ie niere dit il mais autres. anchois serai dist il

343 3146 1342 127 dore en auant pires q̃ ie naie este deci a ci: mais

353 3218 1335 123 q̃ tu me laisse aler. Nai ie dist Iaphꝰ foi que ie doi

353 3283 1376 138 a ma damoisiele qͥ ci est. Mais quelle mẽ veille croi

356 3367 1334 119 re. Sire dist elle tres hier en euisse ie volentiers

351 3429 1326 135 pris le chief mais que vꝰ mẽ proiastes ⁊ ie ne le vol

351 3515 1321 125 mie escõdire: dont a bñ pau nen ai este del tout

351 3580 1318 145 mis au bas. ¶ De maĩtenant prist Iapꝰ le chies

351 3671 1316 135 dou traitor ⁊ si le fist la puciele pendre a larrõ

343 3728 1313 148 de sa siele ꝑ les cheuiaꝰ ⁊ le bn pendi par les pies a

345 3811 1314 135 .i. arbre illuecques pries. lors monta la puciele sor

340 3887 1332 132 sa mule ⁊ prist le cheual faitrop en diestre ⁊ Iaphꝰ se

335 3952 1306 132 mist el sien au plus tost quil peut ⁊ puis se sont

343 4027 1332 161 mis au chemĩ isi come cele le seut bñ faire. Il auĩt

1914 208 1293 143 quil cheuaucierẽt tant quil vĩrẽt ausi com en .i.

1909 293 1295 120 descendant dune ꝑfonde valee: dont ie ne sui mie

1904 351 1321 140 bñ auises que li aucũ soient de si legier entendem̃t

1904 423 1298 123 qͥl sacent concoiure queus cil vaus pouoit iestre

1904 509 1292 102 dont ie veil faire deuise ci endroit: q̃en celui val:

1901 569 1319 135 si auoit vne cite qͥ seoit en vne mõtaigne. Et pͬ ce

1898 650 1317 124 q̃ qͥ ne feroit autre deuise: si sambleroit q̃ ce fussẽt

1898 725 1322 127 vnes chauches blanches fussent noires. ⁊ ce ne seroit

1896 800 1303 123 or mie vne mlt̾ gnͣt m̾ueille. Car si nest autre

1893 878 1311 115 chose: q̃ de descendre dũ plaĩ en parfont val ⁊ puis

1891 951 1321 109 de ce val repairier en .i. autre mont qͥ ne soit mie

1888 1016 1334 128 si haus come li plaĩs deseure dis est. ⁊ que ce soit voi

1891 1086 1316 133 rs tout en auteil maniere siet li cites doste.i. cest

1885 1167 1311 122 vne citeis qͥ siet en .i. val ⁊ en .i. ml̾t noble mont.

1875 1250 1358 128 Mais mlt̾ autrement seoit cele dont cis contes ci ẽ

1878 1333 1357 120 droit fait ore mension. Car cis vaus en coi cil citeis

1878 1401 1355 122 seoit en .i. autre si rons come est .i. puis qui fais

1880 1482 1355 122 est a compas. si quẽ cel val au pie desous .i. gnͣt au

1878 1552 1321 119 balestree dici au piet de lautre montaigne qͥ sen

1878 1627 1342 120 aloit dici au piet du mur de la citei en haut. si co

1875 1713 1342 104 roit vne iauwe plus clere q̃ nus c̾staus qui tant

1875 1778 1350 117 auoit de large come desus est dit a lautre les ml̾t es

1872 1856 1350 114 toient ꝑfont. por coi il auoit .iiii. pons batellires

1870 1926 1358 130 en ꝑ samblant qui estoiẽt compesse ausi come .iiii.

1867 2002 1342 127 bras dune crois. qui se partoient de la citei ꝑmi li

1867 2090 1345 109 auwe en voie deci au piet du descendant de la mon

1865 2155 1368 138 taigne aual. Illuech auoit vne tor a mierueil le forᷤ

1859 2243 1343 117 qui toute fu faite ⁊ fondee de pieres daymãt ꝑ coi

1862 2308 1366 125 nus hom qͥ fust charchies de fier neuist pooir de paᷤ

1862 2373 1363 130 ser outre q̃ maĩtenant ne fust ahiers ne pris ꝑ vi

1865 2457 1355 104 ue forche li aimans a la piere ⁊ li piere de aymãt au fier.

1971 2527 1233 106 ors qnͣt Iaphꝰ ⁊ la puciele vĩrent au descendant

1995 2602 1196 122 du val issi come ie auoie dit. elle li conta la v̾

1854 2672 1371 128 tut ⁊ la maniere del aymãt coment nus hom qͥ fust

1854 2753 1371 130 armes ne haubregies neuist pouoir de la tour pa

1849 2823 1371 133 ser quil ne li couenist ausi come ariester se li consil

1849 2914 1353 112 la q̃il se desarmast ⁊ il si fist en teil maniere q̃il se

1852 2979 1326 115 mist a piet en sa cote a armer /ce?/ ⁊ saisi son escut

1846 3049 1379 117 ⁊ son espiel en teil maniere quil eut chaĩte sespee

1846 3122 1350 112 ⁊ se mist ꝑmi la tour sor le pont eme vos .i. liuon

1844 3190 1339 109 qui li saut tout esragies ⁊ familleus: il neut plus

1841 3257 1329 128 de secors quil li lanca lespiel ꝑmi le cors ⁊ il ieta .i.

1839 3338 1376 117 crit ml̾t m̾ueilleus ⁊ il atant sen passa outre. Il neut

1846 3413 1322 117 mie ml̾t: qnͣt .i. gaians vint acorant vne hace

1841 3486 1366 117 amouree ⁊ trenchans cil auoit bñ .xviii. pies de lõc

1841 3564 1363 122 ⁊ vnes oriels qui li pendoient contreval le ioịes au

1831 3637 1345 114 si gnͣdes come .ii. van ⁊ vne tieste a vns cheu/i/aus

1828 3723 1368 119 lons ⁊ locus qui li pendoient contreual les espaules.

1815 3793 1353 114 Vn visage noir come mor mais que les dẽs auoit

1826 3863 1357 109 gaunes come orpiumens. vns ieux noirs en la mos

1823 3939 1399 106 che viermaus ⁊ blans el larmiõ. le nes tort ⁊ crocut

1828 4004 1337 122 a guisse de guete ⁊ gheule fendue deci as oreilles

1826 4082 1370 161 reschignie come maufes sai au deuãt de Iaphꝰ dist.
