<?xml version="1.0" encoding="UTF-8"?>
<alto xmlns:xsi="http://www.w3.org/2001/XMLSchema-instance"
      xmlns="http://www.loc.gov/standards/alto/ns-v4#"
      xsi:schemaLocation="http://www.loc.gov/standards/alto/ns-v4# http://www.loc.gov/standards/alto/v4/alto-4-2.xsd">
  <Description>
    <MeasurementUnit>pixel</MeasurementUnit>
    <sourceImageInformation>
      <fileName>76_2cb87_default.jpg</fileName>
      <fileIdentifier>https://gallica.bnf.fr/iiif/ark:/12148/btv1b10023851v/f77/full/full/0/default.jpg</fileIdentifier>
    </sourceImageInformation>
  </Description>
  
  <Tags>
    <OtherTag ID="BT5162" LABEL="MainZone" DESCRIPTION="block type MainZone"/><OtherTag ID="BT5166" LABEL="DropCapitalZone" DESCRIPTION="block type DropCapitalZone"/><OtherTag ID="BT5167" LABEL="MarginTextZone" DESCRIPTION="block type MarginTextZone"/><OtherTag ID="BT7824" LABEL="TitlePageZone" DESCRIPTION="block type TitlePageZone"/><OtherTag ID="BT8488" LABEL="StampZone" DESCRIPTION="block type StampZone"/><OtherTag ID="BT8490" LABEL="TableZone" DESCRIPTION="block type TableZone"/><OtherTag ID="BT8491" LABEL="RunningTitleZone" DESCRIPTION="block type RunningTitleZone"/><OtherTag ID="BT8505" LABEL="NumberingZone" DESCRIPTION="block type NumberingZone"/><OtherTag ID="BT8508" LABEL="Title" DESCRIPTION="block type Title"/><OtherTag ID="BT21525" LABEL="QuireMarksZone" DESCRIPTION="block type QuireMarksZone"/>
    <OtherTag ID="LT1723" LABEL="DefaultLine" DESCRIPTION="line type DefaultLine"/><OtherTag ID="LT2911" LABEL="DropCapitalLine" DESCRIPTION="line type DropCapitalLine"/>
  </Tags>
  
  <Layout>
    <Page WIDTH="3437"
          HEIGHT="4702"
          PHYSICAL_IMG_NR="70"
          ID="eSc_dummypage_">
      <PrintSpace HPOS="0"
                  VPOS="0"
                  WIDTH="3437"
                  HEIGHT="4702">
        
        <TextBlock HPOS="230"
                   VPOS="250"
                   WIDTH="1419"
                   HEIGHT="3979"
                   ID="eSc_textblock_174e3d13"
                   TAGREFS="BT5162">
          <Shape><Polygon POINTS="1649 282 1628 4030 1617 4176 1576 4229 250 4187 230 1473 271 1222 397 1136 407 1084 384 1000 250 979 271 386 292 303 912 250"/></Shape>
          
          
          <TextLine ID="eSc_line_797c0248"
                    TAGREFS="LT1723"
                    BASELINE="279 326 776 313 1636 323" 
                    HPOS="277"
                    VPOS="224"
                    WIDTH="1359"
                    HEIGHT="118">
            <Shape><Polygon POINTS="277 342 1633 342 1636 323 1633 255 1411 255 1406 253 1369 227 1366 227 1364 227 1361 227 1157 242 1105 229 1102 229 1100 229 1097 229 1095 229 1063 248 1058 253 1053 248 1029 232 1027 232 1024 232 1021 232 1019 232 974 248 972 248 969 248 838 227 836 227 750 245 716 253 687 245 650 235 648 235 645 235 642 235 640 235 624 245 616 250 606 245 577 229 575 229 572 229 569 229 567 229 546 245 541 248 535 245 514 235 512 235 509 235 507 235 488 242 480 248 467 242 407 224 405 224 402 224 399 224 345 242 316 250 279 242 279 326"/></Shape>
	    <String CONTENT="Que vꝰ soiies ore li tres maus troues. a cest mot ieta"
                    HPOS="277"
                    VPOS="224"
                    WIDTH="1359"
                    HEIGHT="118"></String>
          </TextLine>

          
          
          <TextLine ID="eSc_line_5e807d7d"
                    TAGREFS="LT1723"
                    BASELINE="284 391 1646 386" 
                    HPOS="282"
                    VPOS="316"
                    WIDTH="1364"
                    HEIGHT="99">
            <Shape><Polygon POINTS="1301 321 1275 321 1249 321 1223 321 1197 318 1170 318 1144 318 1118 318 1092 318 1066 318 1058 318 1037 329 1024 318 1014 318 995 316 953 331 606 318 595 318 569 321 543 321 517 321 491 321 465 323 439 323 282 334 284 391 284 407 695 415 697 415 765 404 781 402 789 404 820 415 823 415 825 415 828 415 857 402 859 402 865 402 899 412 901 412 904 412 951 402 967 399 1288 399 1299 399 1625 412 1628 412 1630 412 1633 412 1633 410 1646 394 1646 386 1641 331 1317 321 1301 321"/></Shape>
	    <String CONTENT="au ch̾r .i. cop si gnͣt: q̃ se il euist este tous dachier le"
                    HPOS="282"
                    VPOS="316"
                    WIDTH="1364"
                    HEIGHT="99"></String>
          </TextLine>

          
          
          <TextLine ID="eSc_line_96b4b616"
                    TAGREFS="LT1723"
                    BASELINE="284 464 849 454 1628 459" 
                    HPOS="282"
                    VPOS="389"
                    WIDTH="1346"
                    HEIGHT="91">
            <Shape><Polygon POINTS="1249 389 1228 389 1155 399 1113 389 1092 389 1066 404 1048 389 1040 389 1014 389 987 389 961 391 935 391 909 391 883 391 857 391 831 391 828 391 791 404 776 391 752 391 726 391 700 391 697 391 684 404 580 404 564 391 543 391 517 391 491 391 465 391 439 391 426 391 282 407 284 464 284 480 1625 475 1628 459 1623 402 1296 404 1291 402 1257 389 1249 389"/></Shape>
	    <String CONTENT="uist pourfendu deci el talõ. Mais qnͣt il vit venir le"
                    HPOS="282"
                    VPOS="389"
                    WIDTH="1346"
                    HEIGHT="91"></String>
          </TextLine>

          
          
          <TextLine ID="eSc_line_16b04300"
                    TAGREFS="LT1723"
                    BASELINE="282 527 1644 517" 
                    HPOS="279"
                    VPOS="451"
                    WIDTH="1365"
                    HEIGHT="94">
            <Shape><Polygon POINTS="1351 459 1325 459 1312 459 1296 467 1280 459 1272 459 1246 459 1223 457 1194 459 1100 467 1082 462 1066 457 1063 457 1040 457 1008 462 982 467 977 464 967 457 959 457 935 457 880 464 844 470 791 467 684 459 671 459 645 459 637 459 608 470 606 470 601 470 504 462 488 462 462 462 441 462 279 475 282 527 282 545 1641 545 1644 517 1633 451 1599 467 1366 467 1353 459 1351 459"/></Shape>
	    <String CONTENT="cop si despassa ⁊ li lanca lespiel ꝑmi leᷤ c̣ọṛṣ ioes si quil"
                    HPOS="279"
                    VPOS="451"
                    WIDTH="1365"
                    HEIGHT="94"></String>
          </TextLine>

          
          
          <TextLine ID="eSc_line_b3761810"
                    TAGREFS="LT1723"
                    BASELINE="279 595 1625 590" 
                    HPOS="277"
                    VPOS="525"
                    WIDTH="1348"
                    HEIGHT="99">
            <Shape><Polygon POINTS="616 527 590 527 564 527 538 527 533 527 491 543 475 527 460 527 433 527 407 527 381 527 378 527 277 545 279 595 279 608 311 624 313 624 316 624 318 624 371 611 381 608 645 608 663 613 703 624 705 624 708 624 710 624 744 613 765 606 948 606 967 616 972 621 974 621 977 621 980 621 1016 616 1084 606 1620 621 1625 590 1620 543 627 525 616 527"/></Shape>
	    <String CONTENT="li issi a lautre les huers. ⁊ il ieta la maĩ a lespiel ⁊ si le"
                    HPOS="277"
                    VPOS="525"
                    WIDTH="1348"
                    HEIGHT="99"></String>
          </TextLine>

          
          
          <TextLine ID="eSc_line_3be9e74a"
                    TAGREFS="LT1723"
                    BASELINE="271 679 1630 679" 
                    HPOS="271"
                    VPOS="600"
                    WIDTH="1359"
                    HEIGHT="105">
            <Shape><Polygon POINTS="271 679 271 689 465 705 467 705 522 692 530 692 757 692 760 694 771 702 771 705 773 705 776 705 778 705 781 705 784 705 799 694 805 692 833 694 917 705 920 705 922 705 946 694 953 692 961 697 980 705 982 705 985 705 1084 697 1150 692 1628 700 1630 679 1628 613 1254 619 1236 613 1191 603 1189 603 1186 603 1123 616 1116 616 1113 616 1079 600 1076 600 739 600 737 600 734 600 690 619 687 619 674 606 674 603 671 603 669 603 666 603 577 613 470 600 467 600 465 600 405 619 360 600 358 600 355 600 271 619 271 679"/></Shape>
	    <String CONTENT="cuida maĩtenãt sachier hors. Mais auant quil euist"
                    HPOS="271"
                    VPOS="600"
                    WIDTH="1359"
                    HEIGHT="105"></String>
          </TextLine>

          
          
          <TextLine ID="eSc_line_78e67e45"
                    TAGREFS="LT1723"
                    BASELINE="266 752 1641 760" 
                    HPOS="263"
                    VPOS="681"
                    WIDTH="1378"
                    HEIGHT="92">
            <Shape><Polygon POINTS="1500 681 1361 700 1346 687 1346 684 1343 684 1340 684 1338 684 1233 692 1191 681 1181 681 1165 681 1126 700 995 700 946 681 946 681 927 681 899 697 812 681 789 681 786 681 765 697 734 681 710 681 684 681 658 681 632 681 606 681 588 681 572 694 449 681 446 681 266 694 266 752 263 770 1636 773 1641 760 1641 705 1502 681 1500 681"/></Shape>
	    <String CONTENT="tout ce fait: se hasta Iaphꝰ de traire lespee: ⁊ li don"
                    HPOS="263"
                    VPOS="681"
                    WIDTH="1378"
                    HEIGHT="92"></String>
          </TextLine>

          
          
          <TextLine ID="eSc_line_e5444d43"
                    TAGREFS="LT1723"
                    BASELINE="261 817 1625 828" 
                    HPOS="258"
                    VPOS="770"
                    WIDTH="1367"
                    HEIGHT="81">
            <Shape><Polygon POINTS="261 817 258 835 287 848 290 848 292 848 595 838 608 848 608 851 611 851 614 851 616 851 1623 843 1625 828 1623 770 261 770 261 817"/></Shape>
	    <String CONTENT="na .i. cop amont quil l/i/ abati lune oreil a toute la se"
                    HPOS="258"
                    VPOS="770"
                    WIDTH="1367"
                    HEIGHT="81"></String>
          </TextLine>

          
          
          <TextLine ID="eSc_line_8121912f"
                    TAGREFS="LT1723"
                    BASELINE="261 893 1625 893" 
                    HPOS="261"
                    VPOS="846"
                    WIDTH="1364"
                    HEIGHT="78">
            <Shape><Polygon POINTS="261 893 261 924 410 911 496 922 514 924 517 924 520 924 522 924 525 922 543 911 990 916 1591 924 1594 924 1596 924 1625 909 1625 893 1625 846 261 846 261 893"/></Shape>
	    <String CONTENT="niestre ioe. ⁊ de ce meime li copa la maĩ de coi il sacho"
                    HPOS="261"
                    VPOS="846"
                    WIDTH="1364"
                    HEIGHT="78"></String>
          </TextLine>

          
          
          <TextLine ID="eSc_line_616b8f2e"
                    TAGREFS="LT1723"
                    BASELINE="258 969 1050 958" 
                    HPOS="256"
                    VPOS="895"
                    WIDTH="794"
                    HEIGHT="97">
            <Shape><Polygon POINTS="922 895 799 909 771 911 755 909 682 895 674 895 656 895 640 911 635 914 632 911 614 895 611 895 608 895 606 895 603 895 564 911 556 914 546 911 509 895 507 895 504 895 415 911 386 916 378 911 358 898 355 898 352 898 350 898 256 911 258 969 258 990 546 979 588 992 593 992 595 992 598 992 608 992 690 976 836 987 838 987 841 987 844 987 844 984 846 984 854 974 1045 987 1050 958 1045 909 925 895 922 895"/></Shape>
	    <String CONTENT="it lepiel de deseure nomei."
                    HPOS="256"
                    VPOS="895"
                    WIDTH="794"
                    HEIGHT="97"></String>
          </TextLine>

          
          
          <TextLine ID="eSc_line_6d43910e"
                    TAGREFS="LT1723"
                    BASELINE="381 1034 1231 1031 1602 1042" 
                    HPOS="378"
                    VPOS="966"
                    WIDTH="1224"
                    HEIGHT="91">
            <Shape><Polygon POINTS="616 966 520 979 449 966 433 966 381 979 381 1034 378 1050 1596 1057 1602 1042 1599 982 1233 966 1231 966 1071 979 1045 966 1042 966 1040 966 1037 966 1011 979 927 966 925 966 831 979 791 966 789 966 786 966 784 966 739 979 619 966 616 966"/></Shape>
	    <String CONTENT="nͣt ce senti li cu/v/iers si neut en lui que coure"
                    HPOS="378"
                    VPOS="966"
                    WIDTH="1224"
                    HEIGHT="91"></String>
          </TextLine>

          
          
          <TextLine ID="eSc_line_5664ba67"
                    TAGREFS="LT1723"
                    BASELINE="321 1120 703 1110 1615 1115" 
                    HPOS="318"
                    VPOS="1029"
                    WIDTH="1297"
                    HEIGHT="112">
            <Shape><Polygon POINTS="1160 1034 1155 1037 1118 1055 1006 1050 980 1034 972 1034 946 1034 943 1034 867 1057 744 1042 742 1042 739 1042 737 1042 737 1044 718 1060 674 1039 671 1039 669 1039 616 1050 588 1034 580 1034 561 1034 499 1060 457 1039 454 1039 321 1029 321 1120 318 1136 381 1125 402 1138 405 1138 407 1138 410 1138 423 1138 635 1125 708 1138 721 1138 723 1138 739 1136 820 1125 920 1136 951 1138 953 1138 956 1138 967 1136 998 1125 1008 1136 1011 1138 1014 1138 1016 1138 1019 1138 1021 1138 1029 1136 1050 1125 1063 1136 1066 1138 1068 1138 1071 1138 1074 1141 1225 1141 1225 1138 1228 1138 1231 1138 1236 1133 1254 1125 1610 1131 1615 1115 1607 1042 1552 1063 1492 1063 1474 1044 1471 1044 1468 1044 1466 1044 1385 1060 1361 1042 1359 1042 1356 1042 1353 1042 1351 1042 1348 1042 1322 1063 1246 1063 1186 1037 1178 1034 1160 1034"/></Shape>
	    <String CONTENT="chier; lors li curent seure ⁊ si le cuida a hierd̾"
                    HPOS="318"
                    VPOS="1029"
                    WIDTH="1297"
                    HEIGHT="112"></String>
          </TextLine>

          
          
          <TextLine ID="eSc_line_12ddfed1"
                    TAGREFS="LT1723"
                    BASELINE="256 1191 1602 1191" 
                    HPOS="256"
                    VPOS="1131"
                    WIDTH="1346"
                    HEIGHT="96">
            <Shape><Polygon POINTS="256 1191 256 1209 538 1225 541 1225 611 1212 624 1209 627 1212 642 1225 645 1225 648 1225 650 1225 653 1225 656 1225 656 1222 669 1212 674 1206 734 1212 862 1222 865 1222 948 1212 993 1206 1011 1212 1050 1225 1053 1225 1055 1227 1136 1227 1136 1225 1139 1225 1142 1225 1157 1212 1165 1206 1233 1212 1374 1225 1377 1225 1602 1212 1602 1191 1602 1151 1398 1151 1348 1131 1332 1146 1231 1131 1199 1151 1061 1151 964 1131 925 1151 880 1131 590 1131 569 1151 520 1151 460 1131 394 1151 256 1151 256 1191"/></Shape>
	    <String CONTENT="a lautre maĩ. Mais cil qui fu legier ⁊ fors li guẽci"
                    HPOS="256"
                    VPOS="1131"
                    WIDTH="1346"
                    HEIGHT="96"></String>
          </TextLine>

          
          
          <TextLine ID="eSc_line_cf0fb343"
                    TAGREFS="LT1723"
                    BASELINE="256 1261 1612 1279" 
                    HPOS="253"
                    VPOS="1196"
                    WIDTH="1359"
                    HEIGHT="115">
            <Shape><Polygon POINTS="256 1261 253 1290 358 1282 554 1298 567 1298 569 1298 572 1298 622 1285 682 1300 687 1300 690 1300 692 1300 708 1300 831 1287 841 1300 844 1300 844 1303 846 1303 849 1303 852 1303 875 1303 1027 1290 1607 1311 1612 1279 1612 1230 1382 1209 1380 1209 1377 1209 1332 1225 1330 1225 1165 1225 1163 1222 1142 1209 1139 1209 1136 1209 1134 1209 1131 1209 1105 1222 1102 1222 1100 1222 1024 1204 1021 1204 891 1219 878 1219 867 1219 776 1201 773 1201 771 1201 721 1217 716 1217 713 1217 645 1199 642 1199 572 1199 569 1199 567 1199 564 1199 543 1214 535 1214 407 1196 405 1196 256 1209 256 1261"/></Shape>
	    <String CONTENT="⁊ ne chaca fors que lautre maĩ ⁊ li abati ius a tout"
                    HPOS="253"
                    VPOS="1196"
                    WIDTH="1359"
                    HEIGHT="115"></String>
          </TextLine>

          
          
          <TextLine ID="eSc_line_39fe019c"
                    TAGREFS="LT1723"
                    BASELINE="245 1345 1596 1350" 
                    HPOS="243"
                    VPOS="1279"
                    WIDTH="1353"
                    HEIGHT="92">
            <Shape><Polygon POINTS="245 1345 243 1371 1594 1366 1596 1350 1596 1295 1095 1282 1092 1282 1027 1295 1016 1295 1014 1295 995 1282 993 1282 990 1282 987 1282 935 1295 925 1295 904 1295 776 1279 773 1279 653 1293 640 1282 640 1279 637 1279 635 1279 501 1279 499 1279 496 1279 493 1279 493 1282 480 1295 245 1295 245 1345"/></Shape>
	    <String CONTENT="le mohoistre. ⁊ dont ieta cil .i. cri si gnͣt que toute"
                    HPOS="243"
                    VPOS="1279"
                    WIDTH="1353"
                    HEIGHT="92"></String>
          </TextLine>

          
          
          <TextLine ID="eSc_line_969bdb1b"
                    TAGREFS="LT1723"
                    BASELINE="232 1418 1596 1423" 
                    HPOS="230"
                    VPOS="1358"
                    WIDTH="1366"
                    HEIGHT="104">
            <Shape><Polygon POINTS="232 1418 230 1431 339 1449 342 1449 345 1449 386 1439 441 1457 444 1457 446 1457 449 1457 493 1439 582 1455 585 1455 588 1455 648 1436 794 1436 972 1460 974 1460 977 1460 1032 1444 1092 1460 1095 1460 1097 1462 1557 1462 1557 1460 1560 1460 1562 1460 1594 1436 1596 1423 1591 1358 232 1363 232 1418"/></Shape>
	    <String CONTENT="la cite ententi. ⁊ comaca a lanchier apries Iaphꝰ"
                    HPOS="230"
                    VPOS="1358"
                    WIDTH="1366"
                    HEIGHT="104"></String>
          </TextLine>

          
          
          <TextLine ID="eSc_line_b8c85367"
                    TAGREFS="LT1723"
                    BASELINE="258 1494 1638 1507" 
                    HPOS="256"
                    VPOS="1423"
                    WIDTH="1382"
                    HEIGHT="110">
            <Shape><Polygon POINTS="258 1494 256 1504 313 1522 316 1522 318 1522 499 1509 527 1509 548 1512 645 1525 648 1525 752 1515 797 1512 818 1517 857 1528 859 1528 862 1528 959 1520 1027 1515 1055 1522 1087 1530 1089 1530 1092 1530 1129 1522 1157 1517 1165 1525 1170 1528 1170 1530 1173 1530 1176 1530 1178 1530 1231 1525 1296 1520 1633 1533 1638 1507 1638 1452 1578 1436 1576 1436 1573 1436 1570 1436 1568 1436 1542 1452 1539 1455 1395 1455 1390 1452 1332 1434 1330 1434 1327 1434 1325 1434 1322 1434 1322 1436 1306 1449 1306 1452 1244 1452 1244 1449 1202 1431 1199 1431 1197 1431 1092 1444 1042 1428 1040 1428 1037 1428 972 1441 862 1428 859 1428 857 1428 825 1447 823 1447 820 1447 755 1426 752 1426 750 1426 381 1441 360 1441 324 1423 321 1423 318 1423 316 1423 258 1439 258 1494"/></Shape>
	    <String CONTENT="deᷤ pies ⁊ des mongnon: q̃ trop estoit chose espoentable"
                    HPOS="256"
                    VPOS="1423"
                    WIDTH="1382"
                    HEIGHT="110"></String>
          </TextLine>

          
          
          <TextLine ID="eSc_line_970805c0"
                    TAGREFS="LT1723"
                    BASELINE="263 1567 1589 1577" 
                    HPOS="261"
                    VPOS="1502"
                    WIDTH="1328"
                    HEIGHT="107">
            <Shape><Polygon POINTS="1453 1507 1382 1522 1374 1522 1142 1522 1139 1520 1116 1504 1113 1504 1110 1504 1108 1504 1035 1517 925 1502 922 1502 920 1502 872 1517 763 1502 760 1502 658 1517 648 1517 640 1517 590 1502 588 1502 585 1502 263 1512 263 1567 261 1585 493 1598 496 1598 499 1598 527 1588 543 1583 556 1588 595 1601 598 1601 601 1601 692 1588 718 1585 875 1585 886 1588 909 1601 912 1601 914 1601 917 1601 951 1588 956 1588 1249 1588 1251 1590 1272 1606 1275 1606 1278 1606 1280 1609 1560 1609 1560 1606 1562 1606 1565 1606 1586 1590 1589 1577 1586 1525 1455 1507 1453 1507"/></Shape>
	    <String CONTENT="a home qui trop bñ neuist son cuer a lui. Ma cil de"
                    HPOS="261"
                    VPOS="1502"
                    WIDTH="1328"
                    HEIGHT="107"></String>
          </TextLine>

          
          
          <TextLine ID="eSc_line_b0252020"
                    TAGREFS="LT1723"
                    BASELINE="269 1640 1586 1648" 
                    HPOS="266"
                    VPOS="1577"
                    WIDTH="1320"
                    HEIGHT="97">
            <Shape><Polygon POINTS="269 1640 266 1661 277 1669 279 1669 282 1669 284 1669 705 1658 778 1671 781 1671 1097 1661 1144 1674 1147 1674 1150 1674 1583 1661 1586 1648 1583 1601 1416 1585 1414 1585 1411 1585 1408 1585 1387 1598 1385 1598 1314 1585 1312 1585 1238 1596 1212 1583 1210 1583 1207 1583 1204 1583 1202 1583 1181 1598 1176 1598 1097 1598 1097 1596 1061 1580 1058 1580 1055 1580 1053 1580 1050 1580 1027 1596 993 1580 990 1580 987 1580 912 1596 906 1598 812 1598 810 1596 789 1580 786 1580 784 1580 781 1580 637 1593 616 1577 614 1577 611 1577 608 1577 269 1590 269 1640"/></Shape>
	    <String CONTENT="cui on doit bñ tenir conte li toli ausi lespies: com"
                    HPOS="266"
                    VPOS="1577"
                    WIDTH="1320"
                    HEIGHT="97"></String>
          </TextLine>

          
          
          <TextLine ID="eSc_line_41970fbb"
                    TAGREFS="LT1723"
                    BASELINE="266 1718 1617 1729" 
                    HPOS="263"
                    VPOS="1653"
                    WIDTH="1354"
                    HEIGHT="102">
            <Shape><Polygon POINTS="266 1718 263 1731 292 1744 295 1744 297 1744 595 1734 723 1750 726 1750 841 1737 956 1752 959 1752 961 1752 1006 1739 1581 1755 1583 1755 1586 1755 1615 1739 1617 1729 1617 1677 1278 1658 1275 1658 1042 1671 1014 1671 1008 1671 969 1658 967 1658 964 1658 961 1658 959 1658 943 1671 940 1671 935 1669 896 1656 893 1656 891 1656 687 1669 658 1669 653 1669 606 1653 603 1653 601 1653 266 1663 266 1718"/></Shape>
	    <String CONTENT="il fist les maĩs ⁊ atant sen est outrepasses ⁊ li vint av"
                    HPOS="263"
                    VPOS="1653"
                    WIDTH="1354"
                    HEIGHT="102"></String>
          </TextLine>

          
          
          <TextLine ID="eSc_line_bccacaa5"
                    TAGREFS="LT1723"
                    BASELINE="261 1784 1612 1805" 
                    HPOS="258"
                    VPOS="1724"
                    WIDTH="1354"
                    HEIGHT="107">
            <Shape><Polygon POINTS="261 1784 258 1802 297 1818 300 1818 303 1818 412 1807 433 1820 436 1820 439 1820 441 1820 556 1810 561 1810 595 1823 598 1823 601 1823 703 1812 713 1812 718 1812 763 1825 765 1825 1607 1831 1612 1805 1607 1747 1453 1755 1400 1744 1369 1739 1366 1739 1364 1739 1361 1739 1353 1744 1338 1755 1317 1744 1306 1739 1304 1739 1301 1739 1299 1739 1296 1739 1291 1744 1272 1755 1223 1744 1199 1739 1197 1739 1194 1739 1176 1744 1144 1752 1113 1744 1084 1734 1082 1734 1079 1734 1076 1734 1074 1734 1061 1742 1048 1752 940 1752 927 1742 912 1731 909 1731 906 1731 846 1731 844 1731 841 1731 807 1742 789 1747 755 1742 682 1729 679 1729 619 1742 598 1744 588 1742 551 1726 548 1726 546 1726 449 1739 428 1742 324 1742 321 1739 297 1724 295 1724 292 1724 290 1724 287 1724 261 1734 261 1784"/></Shape>
	    <String CONTENT="deuant vne gaiande qͥ si m̾ueilleusemẽt fu laide a"
                    HPOS="258"
                    VPOS="1724"
                    WIDTH="1354"
                    HEIGHT="107"></String>
          </TextLine>

          
          
          <TextLine ID="eSc_line_6f5397dc"
                    TAGREFS="LT1723"
                    BASELINE="261 1854 1594 1875" 
                    HPOS="258"
                    VPOS="1802"
                    WIDTH="1336"
                    HEIGHT="102">
            <Shape><Polygon POINTS="261 1854 258 1878 389 1878 394 1880 420 1896 423 1896 426 1896 428 1896 431 1896 433 1896 452 1883 465 1893 465 1896 467 1896 470 1896 473 1896 538 1883 590 1899 593 1899 595 1899 723 1886 757 1883 789 1886 878 1901 880 1904 1591 1904 1594 1875 1591 1831 1259 1810 1257 1810 1136 1823 1121 1823 1118 1823 1087 1807 1084 1807 1082 1807 1008 1820 1003 1820 995 1820 912 1805 909 1805 833 1818 825 1818 705 1818 705 1815 692 1805 692 1802 690 1802 687 1802 684 1802 682 1802 637 1815 629 1815 261 1810 261 1854"/></Shape>
	    <String CONTENT="veoir que trop. Nue ⁊ eschauelee torte ⁊ bocheuse de"
                    HPOS="258"
                    VPOS="1802"
                    WIDTH="1336"
                    HEIGHT="102"></String>
          </TextLine>

          
          
          <TextLine ID="eSc_line_563d0b27"
                    TAGREFS="LT1723"
                    BASELINE="256 1935 1607 1951" 
                    HPOS="253"
                    VPOS="1883"
                    WIDTH="1354"
                    HEIGHT="99">
            <Shape><Polygon POINTS="256 1935 253 1953 1380 1982 1382 1982 1604 1969 1607 1951 1607 1899 256 1883 256 1935"/></Shape>
	    <String CONTENT="vant ⁊ derier ⁊ li pendoient se vallelaridanes ius"
                    HPOS="253"
                    VPOS="1883"
                    WIDTH="1354"
                    HEIGHT="99"></String>
          </TextLine>

          
          
          <TextLine ID="eSc_line_1c2e7288"
                    TAGREFS="LT1723"
                    BASELINE="256 2021 1596 2032" 
                    HPOS="253"
                    VPOS="1953"
                    WIDTH="1343"
                    HEIGHT="110">
            <Shape><Polygon POINTS="256 2021 253 2037 297 2053 300 2053 303 2053 739 2047 920 2045 961 2050 1014 2058 1016 2058 1118 2053 1241 2047 1267 2055 1280 2061 1283 2061 1285 2063 1594 2063 1596 2032 1594 1977 1314 1961 1312 1961 1309 1961 1267 1974 1262 1974 1257 1974 1217 1959 1215 1959 1212 1959 987 1972 956 1972 951 1972 930 1956 927 1956 925 1956 922 1956 773 1969 763 1969 752 1969 656 1956 653 1956 650 1956 606 1969 601 1969 595 1969 564 1953 561 1953 559 1953 556 1953 554 1953 533 1967 509 1953 507 1953 504 1953 501 1953 475 1967 473 1967 394 1953 392 1953 256 1964 256 2021"/></Shape>
	    <String CONTENT="ca la boutine. ⁊ de la en vis trop mal honieste cose a"
                    HPOS="253"
                    VPOS="1953"
                    WIDTH="1343"
                    HEIGHT="110"></String>
          </TextLine>

          
          
          <TextLine ID="eSc_line_d96ee7ca"
                    TAGREFS="LT1723"
                    BASELINE="253 2092 1623 2102" 
                    HPOS="250"
                    VPOS="2027"
                    WIDTH="1373"
                    HEIGHT="104">
            <Shape><Polygon POINTS="250 2110 938 2131 940 2131 1620 2121 1623 2102 1623 2055 1487 2055 1481 2050 1461 2037 1458 2037 1455 2037 1453 2037 1450 2037 1416 2050 1406 2053 1197 2053 1186 2045 1170 2034 1168 2034 1165 2034 1163 2034 1116 2045 1100 2047 1095 2042 1087 2037 1087 2034 1084 2034 1082 2034 938 2034 935 2034 933 2034 930 2034 930 2037 925 2040 920 2045 912 2040 904 2032 901 2032 899 2032 896 2032 893 2032 878 2040 865 2045 825 2037 789 2032 786 2032 784 2032 781 2032 781 2034 776 2037 765 2050 642 2050 608 2034 598 2029 595 2029 593 2029 590 2029 580 2032 546 2045 509 2032 501 2029 499 2029 496 2029 462 2029 292 2042 256 2027 253 2092 250 2110"/></Shape>
	    <String CONTENT="veoir. Noire come aremens ⁊ le vis contremolle a vi"
                    HPOS="250"
                    VPOS="2027"
                    WIDTH="1373"
                    HEIGHT="104"></String>
          </TextLine>

          
          
          <TextLine ID="eSc_line_5bf616fb"
                    TAGREFS="LT1723"
                    BASELINE="250 2168 1623 2175" 
                    HPOS="248"
                    VPOS="2105"
                    WIDTH="1375"
                    HEIGHT="102">
            <Shape><Polygon POINTS="250 2168 248 2186 318 2202 321 2202 556 2191 601 2191 1617 2207 1623 2175 1620 2126 1366 2126 1364 2123 1330 2110 1327 2110 1325 2110 1322 2110 1319 2110 1301 2123 1293 2123 1212 2110 1210 2110 1108 2121 1089 2108 1087 2108 1084 2108 1082 2108 789 2121 744 2121 737 2121 687 2105 684 2105 682 2105 250 2115 250 2168"/></Shape>
	    <String CONTENT="sage de sĩgesse. Celle portoit .i. flaiel de coiure ⁊ vint"
                    HPOS="248"
                    VPOS="2105"
                    WIDTH="1375"
                    HEIGHT="102"></String>
          </TextLine>

          
          
          <TextLine ID="eSc_line_ea913d18"
                    TAGREFS="LT1723"
                    BASELINE="253 2241 1612 2251" 
                    HPOS="250"
                    VPOS="2178"
                    WIDTH="1362"
                    HEIGHT="107">
            <Shape><Polygon POINTS="253 2241 250 2262 290 2277 292 2277 295 2277 585 2264 595 2277 598 2277 598 2280 601 2280 603 2280 606 2283 872 2283 872 2280 875 2280 917 2267 982 2283 985 2283 987 2283 1170 2270 1272 2285 1275 2285 1406 2272 1568 2285 1570 2285 1573 2285 1610 2270 1612 2251 1607 2194 998 2202 961 2186 959 2186 956 2186 953 2186 951 2186 930 2202 807 2202 786 2183 784 2183 781 2183 778 2183 771 2183 640 2196 624 2183 622 2183 619 2183 616 2183 614 2183 611 2183 590 2199 399 2181 397 2181 394 2181 360 2196 253 2178 253 2241"/></Shape>
	    <String CONTENT="a Iaph̾ si feri apries lui en teil ẹmaniere quele le cõsi"
                    HPOS="250"
                    VPOS="2178"
                    WIDTH="1362"
                    HEIGHT="107"></String>
          </TextLine>

          
          
          <TextLine ID="eSc_line_c2c0379f"
                    TAGREFS="LT1723"
                    BASELINE="258 2319 1583 2327" 
                    HPOS="256"
                    VPOS="2267"
                    WIDTH="1327"
                    HEIGHT="78">
            <Shape><Polygon POINTS="258 2319 256 2337 1578 2345 1583 2327 1581 2267 258 2267 258 2319"/></Shape>
	    <String CONTENT="ui ausi come a moitie del escut v il le ieta ausi cõ"
                    HPOS="256"
                    VPOS="2267"
                    WIDTH="1327"
                    HEIGHT="78"></String>
          </TextLine>

          
          
          <TextLine ID="eSc_line_95552229"
                    TAGREFS="LT1723"
                    BASELINE="256 2387 1583 2395" 
                    HPOS="253"
                    VPOS="2330"
                    WIDTH="1330"
                    HEIGHT="96">
            <Shape><Polygon POINTS="256 2387 253 2405 376 2421 378 2421 548 2411 577 2411 601 2413 703 2424 705 2424 912 2416 1048 2413 1578 2426 1583 2395 1578 2335 1510 2348 1393 2335 1382 2335 1380 2335 1377 2335 1374 2335 1374 2337 1361 2351 1178 2351 1152 2337 1142 2332 1139 2332 1136 2332 1116 2337 1076 2345 1055 2337 1042 2332 1040 2332 1037 2332 1035 2332 1024 2337 1008 2345 969 2337 940 2332 938 2332 763 2337 637 2343 629 2340 619 2330 616 2330 614 2330 611 2330 256 2340 256 2387"/></Shape>
	    <String CONTENT="au deuant dou cant. Mais tout ausi come li flaiaus"
                    HPOS="253"
                    VPOS="2330"
                    WIDTH="1330"
                    HEIGHT="96"></String>
          </TextLine>

          
          
          <TextLine ID="eSc_line_47c50b61"
                    TAGREFS="LT1723"
                    BASELINE="250 2452 1617 2473" 
                    HPOS="248"
                    VPOS="2392"
                    WIDTH="1369"
                    HEIGHT="118">
            <Shape><Polygon POINTS="250 2452 248 2476 279 2492 282 2492 284 2492 418 2478 493 2494 496 2494 650 2484 768 2499 1374 2507 1377 2507 1442 2494 1497 2510 1500 2510 1502 2510 1615 2494 1617 2473 1617 2426 1484 2426 1479 2424 1450 2408 1447 2408 1445 2408 1306 2421 1285 2421 1257 2418 1082 2403 1079 2403 1076 2403 1045 2416 1045 2418 940 2418 938 2416 925 2403 925 2400 922 2400 920 2400 820 2400 818 2400 815 2400 812 2400 812 2403 802 2413 799 2413 794 2413 716 2398 713 2398 710 2398 679 2411 676 2411 669 2411 554 2395 551 2395 467 2408 457 2408 454 2408 418 2392 415 2392 412 2392 250 2403 250 2452"/></Shape>
	    <String CONTENT="trencast come raseours abati de lescut ce quil en ata"
                    HPOS="248"
                    VPOS="2392"
                    WIDTH="1369"
                    HEIGHT="118"></String>
          </TextLine>

          
          
          <TextLine ID="eSc_line_18d95ffc"
                    TAGREFS="LT1723"
                    BASELINE="253 2528 1581 2541" 
                    HPOS="250"
                    VPOS="2484"
                    WIDTH="1331"
                    HEIGHT="86">
            <Shape><Polygon POINTS="253 2528 250 2554 1576 2570 1581 2541 1578 2494 253 2484 253 2528"/></Shape>
	    <String CONTENT="inst. ⁊ de ce cop si couint chanceler Iaphꝰ de la roi"
                    HPOS="250"
                    VPOS="2484"
                    WIDTH="1331"
                    HEIGHT="86"></String>
          </TextLine>

          
          
          <TextLine ID="eSc_line_e643b3ff"
                    TAGREFS="LT1723"
                    BASELINE="253 2604 1594 2620" 
                    HPOS="250"
                    VPOS="2541"
                    WIDTH="1344"
                    HEIGHT="99">
            <Shape><Polygon POINTS="250 2622 475 2640 478 2640 1591 2638 1594 2620 1594 2573 1429 2557 1427 2557 1424 2557 1400 2567 1387 2573 1372 2567 1346 2554 1343 2554 1340 2554 1338 2554 1314 2565 1301 2570 1238 2562 1178 2557 1176 2557 1173 2557 1163 2562 1150 2570 1139 2562 1129 2552 1126 2552 1123 2552 1121 2552 1048 2559 967 2567 831 2554 820 2554 818 2554 815 2554 778 2565 763 2552 760 2549 757 2549 755 2549 752 2549 716 2552 595 2562 527 2546 520 2546 517 2546 514 2546 512 2546 475 2562 384 2544 376 2544 373 2544 368 2544 287 2557 256 2541 253 2604 250 2622"/></Shape>
	    <String CONTENT="dour quil lui couĩt tenir a ce q̃ li remanans li de"
                    HPOS="250"
                    VPOS="2541"
                    WIDTH="1344"
                    HEIGHT="99"></String>
          </TextLine>

          
          
          <TextLine ID="eSc_line_842dd154"
                    TAGREFS="LT1723"
                    BASELINE="263 2680 1586 2693" 
                    HPOS="261"
                    VPOS="2633"
                    WIDTH="1325"
                    HEIGHT="96">
            <Shape><Polygon POINTS="263 2680 261 2708 1581 2729 1586 2693 1583 2638 263 2633 263 2680"/></Shape>
	    <String CONTENT="moure en la maĩ. Mais de ce fu il trop courrecies qͥl"
                    HPOS="261"
                    VPOS="2633"
                    WIDTH="1325"
                    HEIGHT="96"></String>
          </TextLine>

          
          
          <TextLine ID="eSc_line_21f2f3d0"
                    TAGREFS="LT1723"
                    BASELINE="269 2758 1591 2776" 
                    HPOS="266"
                    VPOS="2708"
                    WIDTH="1325"
                    HEIGHT="100">
            <Shape><Polygon POINTS="269 2758 266 2774 373 2792 376 2792 956 2787 1021 2802 1024 2802 1027 2802 1113 2789 1272 2805 1275 2805 1390 2795 1411 2808 1414 2808 1416 2808 1419 2808 1589 2792 1591 2776 1591 2727 269 2708 269 2758"/></Shape>
	    <String CONTENT="vit que lui couint prendre a la gayande v lui laissi"
                    HPOS="266"
                    VPOS="2708"
                    WIDTH="1325"
                    HEIGHT="100"></String>
          </TextLine>

          
          
          <TextLine ID="eSc_line_034f1832"
                    TAGREFS="LT1723"
                    BASELINE="269 2844 1630 2862" 
                    HPOS="266"
                    VPOS="2782"
                    WIDTH="1364"
                    HEIGHT="112">
            <Shape><Polygon POINTS="269 2844 266 2865 1625 2894 1630 2862 1630 2813 1450 2792 1447 2792 1343 2808 1335 2808 1327 2808 1259 2789 1257 2789 1254 2789 1147 2805 1131 2805 1116 2802 1021 2792 1019 2792 935 2800 914 2802 904 2800 849 2784 846 2784 844 2784 721 2797 692 2800 556 2800 551 2795 520 2782 517 2782 514 2782 512 2782 483 2795 480 2795 269 2792 269 2844"/></Shape>
	    <String CONTENT="er ocire. Si couint soi haster auant q̃le peuist lav"
                    HPOS="266"
                    VPOS="2782"
                    WIDTH="1364"
                    HEIGHT="112"></String>
          </TextLine>

          
          
          <TextLine ID="eSc_line_c16d681b"
                    TAGREFS="LT1723"
                    BASELINE="271 2920 1607 2933" 
                    HPOS="269"
                    VPOS="2860"
                    WIDTH="1338"
                    HEIGHT="107">
            <Shape><Polygon POINTS="271 2920 269 2938 297 2954 300 2954 303 2954 305 2954 329 2941 347 2954 350 2954 352 2954 355 2954 483 2943 541 2959 543 2959 546 2959 739 2943 802 2962 805 2962 807 2962 878 2949 896 2962 899 2962 901 2962 904 2962 1045 2951 1071 2964 1074 2964 1076 2964 1406 2951 1487 2967 1489 2967 1604 2949 1607 2933 1602 2886 1351 2886 1299 2878 1238 2870 1236 2870 1163 2876 1074 2883 1011 2873 974 2868 972 2868 920 2870 807 2881 757 2868 744 2865 742 2865 739 2865 669 2868 381 2876 271 2860 271 2920"/></Shape>
	    <String CONTENT="tre recourer: ⁊ li ieta .i. autre cop ausi com a auer"
                    HPOS="269"
                    VPOS="2860"
                    WIDTH="1338"
                    HEIGHT="107"></String>
          </TextLine>

          
          
          <TextLine ID="eSc_line_c80656dd"
                    TAGREFS="LT1723"
                    BASELINE="271 2990 1578 3011" 
                    HPOS="269"
                    VPOS="2930"
                    WIDTH="1309"
                    HEIGHT="105">
            <Shape><Polygon POINTS="271 2990 269 3006 397 3024 399 3024 493 3014 509 3027 512 3027 514 3027 517 3027 590 3014 593 3014 614 3030 616 3030 619 3030 622 3030 716 3019 760 3032 763 3032 765 3032 768 3032 771 3032 789 3019 925 3035 927 3035 1576 3032 1578 3011 1576 2967 1414 2946 1351 2946 1348 2946 1346 2946 1343 2946 1325 2962 1225 2943 1144 2943 1142 2943 1139 2943 1136 2943 1136 2946 1121 2959 1108 2959 893 2938 891 2938 888 2938 846 2954 836 2954 426 2930 423 2930 420 2930 418 2930 394 2946 300 2933 297 2933 295 2933 271 2943 271 2990"/></Shape>
	    <String CONTENT="se maĩ. si gnͣt quil li porfendi le poitrine iusques"
                    HPOS="269"
                    VPOS="2930"
                    WIDTH="1309"
                    HEIGHT="105"></String>
          </TextLine>

          
          
          <TextLine ID="eSc_line_c6336e95"
                    TAGREFS="LT1723"
                    BASELINE="266 3053 1573 3079" 
                    HPOS="263"
                    VPOS="3006"
                    WIDTH="1310"
                    HEIGHT="97">
            <Shape><Polygon POINTS="266 3053 263 3071 397 3090 1568 3103 1573 3079 1573 3035 266 3006 266 3053"/></Shape>
	    <String CONTENT="de desous la boutine: quil couĩt cuer ⁊ foie ⁊ coraille"
                    HPOS="263"
                    VPOS="3006"
                    WIDTH="1310"
                    HEIGHT="97"></String>
          </TextLine>

          
          
          <TextLine ID="eSc_line_10caf3ac"
                    TAGREFS="LT1723"
                    BASELINE="261 3126 1565 3147" 
                    HPOS="258"
                    VPOS="3074"
                    WIDTH="1307"
                    HEIGHT="97">
            <Shape><Polygon POINTS="261 3126 258 3158 1560 3171 1565 3147 1562 3103 1398 3082 1395 3082 1265 3095 1238 3098 1207 3095 1071 3077 1068 3077 948 3090 912 3092 901 3087 883 3079 880 3079 878 3079 820 3087 794 3090 786 3087 773 3074 771 3074 768 3074 765 3074 763 3074 739 3085 734 3087 261 3077 261 3126"/></Shape>
	    <String CONTENT="cheoir illueques ius en voie si q̃a celui caup: reieta"
                    HPOS="258"
                    VPOS="3074"
                    WIDTH="1307"
                    HEIGHT="97"></String>
          </TextLine>

          
          
          <TextLine ID="eSc_line_6aedd9de"
                    TAGREFS="LT1723"
                    BASELINE="261 3192 1620 3207" 
                    HPOS="258"
                    VPOS="3150"
                    WIDTH="1362"
                    HEIGHT="91">
            <Shape><Polygon POINTS="261 3192 258 3210 713 3233 1035 3236 1037 3236 1113 3223 1191 3239 1194 3239 1346 3226 1542 3241 1544 3241 1617 3226 1620 3207 1617 3166 261 3150 261 3192"/></Shape>
	    <String CONTENT="cele .i. brait ⁊ .i. cri si orible con le peut oir dune gnͣt"
                    HPOS="258"
                    VPOS="3150"
                    WIDTH="1362"
                    HEIGHT="91"></String>
          </TextLine>

          
          
          <TextLine ID="eSc_line_c17f26ef"
                    TAGREFS="LT1723"
                    BASELINE="261 3262 1607 3280" 
                    HPOS="258"
                    VPOS="3202"
                    WIDTH="1349"
                    HEIGHT="115">
            <Shape><Polygon POINTS="261 3262 258 3296 433 3286 460 3299 460 3301 462 3301 465 3301 467 3301 470 3301 475 3299 512 3288 595 3299 645 3307 648 3307 723 3299 823 3291 896 3299 951 3307 953 3307 956 3307 977 3299 998 3294 1024 3299 1071 3312 1074 3312 1076 3312 1288 3299 1327 3299 1343 3299 1453 3317 1455 3317 1604 3299 1607 3280 1604 3236 1432 3236 1429 3233 1406 3215 1403 3215 1400 3215 1398 3215 1275 3231 1265 3231 1262 3231 1223 3213 1220 3213 1217 3213 1139 3228 1136 3228 1134 3228 1021 3213 1019 3213 935 3226 914 3210 912 3210 909 3210 906 3210 904 3210 870 3226 867 3226 857 3226 747 3213 744 3213 692 3223 690 3223 687 3223 624 3205 622 3205 619 3205 460 3218 436 3202 433 3202 431 3202 292 3202 290 3202 287 3202 261 3215 261 3262"/></Shape>
	    <String CONTENT="gnͣt liuee loing. atant se traist Iaphꝰ viers la porte"
                    HPOS="258"
                    VPOS="3202"
                    WIDTH="1349"
                    HEIGHT="115"></String>
          </TextLine>

          
          
          <TextLine ID="eSc_line_1b6b48b6"
                    TAGREFS="LT1723"
                    BASELINE="258 3338 1578 3356" 
                    HPOS="256"
                    VPOS="3294"
                    WIDTH="1322"
                    HEIGHT="94">
            <Shape><Polygon POINTS="258 3338 256 3356 318 3372 321 3372 525 3361 530 3361 533 3361 656 3377 658 3377 744 3364 757 3374 757 3377 760 3377 763 3377 891 3380 893 3380 1003 3367 1006 3367 1019 3377 1019 3380 1021 3380 1024 3380 1027 3380 1178 3369 1184 3369 1189 3369 1458 3388 1461 3388 1576 3372 1578 3356 1576 3312 258 3294 258 3338"/></Shape>
	    <String CONTENT="⁊ atant vit venir .x. puciele qui toutes furent a"
                    HPOS="256"
                    VPOS="3294"
                    WIDTH="1322"
                    HEIGHT="94"></String>
          </TextLine>

          
          
          <TextLine ID="eSc_line_177248b6"
                    TAGREFS="LT1723"
                    BASELINE="256 3416 1544 3437" 
                    HPOS="253"
                    VPOS="3359"
                    WIDTH="1291"
                    HEIGHT="110">
            <Shape><Polygon POINTS="256 3416 253 3435 418 3453 420 3455 1340 3455 1380 3469 1382 3469 1385 3469 1542 3455 1544 3437 1542 3388 1479 3372 1476 3372 1395 3382 1377 3369 1374 3369 1372 3369 1369 3369 1272 3380 1249 3382 1244 3380 1217 3367 1215 3367 1212 3367 1139 3377 1121 3380 1108 3377 1063 3364 1061 3364 1058 3364 1055 3364 1053 3364 1037 3374 1037 3377 1035 3374 1021 3364 1019 3364 1016 3364 1014 3364 940 3372 899 3377 256 3359 256 3416"/></Shape>
	    <String CONTENT="ornees de ꝑfaite biaute. viesties de blans chaĩses"
                    HPOS="253"
                    VPOS="3359"
                    WIDTH="1291"
                    HEIGHT="110"></String>
          </TextLine>

          
          
          <TextLine ID="eSc_line_f1df395d"
                    TAGREFS="LT1723"
                    BASELINE="258 3482 1565 3500" 
                    HPOS="256"
                    VPOS="3440"
                    WIDTH="1309"
                    HEIGHT="91">
            <Shape><Polygon POINTS="258 3482 256 3502 321 3518 324 3518 444 3508 1191 3531 1194 3531 1562 3521 1565 3500 1565 3453 258 3440 258 3482"/></Shape>
	    <String CONTENT="menuemens faudes ⁊̣ ⁊ si eurent chapiaus de roses"
                    HPOS="256"
                    VPOS="3440"
                    WIDTH="1309"
                    HEIGHT="91"></String>
          </TextLine>

          
          
          <TextLine ID="eSc_line_437505b2"
                    TAGREFS="LT1723"
                    BASELINE="256 3555 1607 3570" 
                    HPOS="253"
                    VPOS="3497"
                    WIDTH="1354"
                    HEIGHT="105">
            <Shape><Polygon POINTS="256 3555 253 3576 705 3597 708 3597 1089 3589 1155 3602 1157 3602 1604 3591 1607 3570 1604 3526 1497 3510 1495 3510 1492 3510 1458 3523 1455 3523 1445 3523 1348 3510 1346 3510 1220 3521 1202 3521 1199 3521 1181 3508 1178 3508 1176 3508 1173 3508 1042 3518 1032 3518 1019 3508 1019 3505 1016 3505 1014 3505 1011 3505 946 3518 933 3518 920 3516 823 3502 820 3502 737 3516 726 3516 723 3516 705 3500 703 3500 700 3500 697 3500 575 3513 564 3513 556 3513 480 3497 478 3497 256 3508 256 3555"/></Shape>
	    <String CONTENT="en lor chies: ⁊ tĩt chascũne en sa maĩ .i. arch daubou"
                    HPOS="253"
                    VPOS="3497"
                    WIDTH="1354"
                    HEIGHT="105"></String>
          </TextLine>

          
          
          <TextLine ID="eSc_line_bec46793"
                    TAGREFS="LT1723"
                    BASELINE="258 3633 1599 3651" 
                    HPOS="256"
                    VPOS="3573"
                    WIDTH="1343"
                    HEIGHT="118">
            <Shape><Polygon POINTS="258 3633 256 3659 287 3675 290 3675 292 3675 446 3662 590 3678 593 3678 595 3678 640 3664 831 3683 833 3683 1165 3672 1244 3688 1246 3688 1359 3675 1565 3691 1568 3691 1570 3691 1596 3675 1599 3651 1596 3604 1408 3604 1403 3599 1364 3586 1361 3586 1359 3586 1231 3597 1210 3583 1207 3583 1204 3583 1202 3583 1118 3597 1110 3597 1102 3597 990 3581 987 3581 870 3594 852 3594 820 3591 606 3576 603 3576 601 3576 554 3589 551 3591 460 3591 457 3589 444 3576 444 3573 441 3573 439 3573 436 3573 258 3583 258 3633"/></Shape>
	    <String CONTENT="rch ⁊ eurent chaĩs keures a plente de saietes barbees"
                    HPOS="256"
                    VPOS="3573"
                    WIDTH="1343"
                    HEIGHT="118"></String>
          </TextLine>

          
          
          <TextLine ID="eSc_line_0641986c"
                    TAGREFS="LT1723"
                    BASELINE="261 3706 1586 3730" 
                    HPOS="258"
                    VPOS="3649"
                    WIDTH="1328"
                    HEIGHT="120">
            <Shape><Polygon POINTS="258 3730 554 3753 778 3756 781 3756 784 3756 820 3743 1066 3761 1068 3761 1136 3748 1163 3764 1165 3764 1168 3764 1170 3764 1414 3753 1450 3769 1453 3769 1455 3769 1583 3753 1586 3730 1586 3688 1547 3672 1544 3672 1542 3672 1411 3683 1395 3683 1393 3683 1382 3672 1382 3670 1380 3670 1377 3670 1374 3670 1327 3680 1312 3683 1306 3680 1293 3667 1291 3667 1288 3667 1285 3667 1225 3678 1202 3680 1191 3675 1173 3667 1170 3667 1168 3667 1165 3667 1163 3667 1155 3675 1152 3678 1150 3675 1144 3667 1142 3667 1142 3664 1139 3664 1136 3664 1134 3664 990 3670 852 3675 820 3664 802 3659 799 3659 797 3659 771 3664 721 3672 624 3659 601 3657 598 3657 595 3657 590 3657 556 3670 514 3657 509 3654 507 3654 504 3654 493 3654 431 3667 412 3651 410 3651 407 3651 405 3651 394 3651 311 3664 263 3649 261 3706 258 3730"/></Shape>
	    <String CONTENT="trenchans ⁊ afillees. si eurent mise saietes encorde"
                    HPOS="258"
                    VPOS="3649"
                    WIDTH="1328"
                    HEIGHT="120"></String>
          </TextLine>

          
          
          <TextLine ID="eSc_line_fd6b5b58"
                    TAGREFS="LT1723"
                    BASELINE="263 3787 1570 3803" 
                    HPOS="261"
                    VPOS="3735"
                    WIDTH="1309"
                    HEIGHT="107">
            <Shape><Polygon POINTS="263 3787 261 3811 449 3813 493 3832 496 3832 499 3832 692 3819 723 3832 726 3832 729 3832 896 3824 1045 3837 1048 3837 1050 3837 1089 3824 1131 3839 1134 3839 1351 3842 1353 3842 1568 3826 1570 3803 1568 3758 1351 3740 1348 3740 1346 3740 1343 3740 1325 3753 1319 3756 1299 3753 1223 3740 1220 3740 1217 3740 1191 3751 1178 3756 1110 3751 1006 3740 1003 3740 961 3748 930 3753 925 3748 917 3738 914 3738 914 3735 912 3735 909 3735 794 3735 791 3735 789 3735 786 3735 786 3738 778 3745 771 3751 731 3743 692 3738 690 3738 661 3743 637 3748 629 3743 624 3738 624 3735 622 3735 619 3735 616 3735 614 3735 598 3743 582 3748 263 3738 263 3787"/></Shape>
	    <String CONTENT="⁊ coumencierent a traire li vne apries lautre"
                    HPOS="261"
                    VPOS="3735"
                    WIDTH="1309"
                    HEIGHT="107"></String>
          </TextLine>

          
          
          <TextLine ID="eSc_line_7843c616"
                    TAGREFS="LT1723"
                    BASELINE="256 3858 1586 3873" 
                    HPOS="253"
                    VPOS="3803"
                    WIDTH="1333"
                    HEIGHT="110">
            <Shape><Polygon POINTS="256 3858 253 3886 300 3902 303 3902 305 3902 616 3892 697 3907 700 3907 703 3907 729 3894 964 3910 967 3910 1063 3897 1144 3913 1147 3913 1583 3900 1586 3873 1586 3832 1510 3813 1508 3813 1505 3813 1461 3829 1453 3829 1427 3826 1293 3813 1291 3813 1197 3821 1147 3826 1131 3821 1102 3808 1100 3808 1097 3808 993 3819 922 3824 883 3816 859 3811 857 3811 833 3813 797 3821 781 3813 765 3806 763 3806 760 3806 757 3806 739 3813 718 3821 705 3811 703 3808 700 3808 697 3808 695 3808 692 3808 679 3811 648 3819 256 3803 256 3858"/></Shape>
	    <String CONTENT="a Iaph̾. Il neut plus de soucours que dapierte il re"
                    HPOS="253"
                    VPOS="3803"
                    WIDTH="1333"
                    HEIGHT="110"></String>
          </TextLine>

          
          
          <TextLine ID="eSc_line_f0f7944c"
                    TAGREFS="LT1723"
                    BASELINE="258 3926 1612 3944" 
                    HPOS="256"
                    VPOS="3871"
                    WIDTH="1356"
                    HEIGHT="107">
            <Shape><Polygon POINTS="258 3926 256 3952 303 3970 305 3970 308 3970 446 3957 473 3975 475 3975 478 3975 480 3978 1610 3978 1612 3944 1607 3886 1552 3902 1463 3886 1461 3886 1458 3886 1424 3902 1398 3884 1395 3884 1393 3884 1390 3884 1387 3884 1241 3900 1217 3881 1215 3881 1212 3881 1210 3881 1207 3881 1147 3897 1042 3879 1035 3879 1032 3879 1029 3879 1027 3879 985 3894 920 3881 917 3881 844 3894 791 3876 789 3876 786 3876 778 3876 653 3892 632 3876 632 3873 629 3873 627 3873 624 3873 622 3873 619 3873 585 3889 520 3873 517 3873 514 3873 512 3873 454 3889 258 3871 258 3926"/></Shape>
	    <String CONTENT="chiut les saietes en son escut. Illuech vit il que li deᷤ"
                    HPOS="256"
                    VPOS="3871"
                    WIDTH="1356"
                    HEIGHT="107"></String>
          </TextLine>

          
          
          <TextLine ID="eSc_line_515fc703"
                    TAGREFS="LT1723"
                    BASELINE="258 3999 1602 4014" 
                    HPOS="256"
                    VPOS="3947"
                    WIDTH="1346"
                    HEIGHT="115">
            <Shape><Polygon POINTS="258 3999 256 4025 454 4043 457 4043 460 4043 462 4043 480 4030 551 4051 554 4051 556 4051 810 4035 870 4054 872 4054 1071 4056 1074 4056 1076 4056 1079 4056 1079 4054 1089 4046 1100 4056 1102 4056 1105 4056 1108 4056 1217 4046 1377 4062 1380 4062 1599 4041 1602 4014 1599 3975 1515 3960 1513 3960 1414 3970 1385 3973 1359 3970 1293 3957 1291 3957 1220 3965 1184 3970 1173 3965 1155 3957 1152 3957 1150 3957 972 3960 773 3965 729 3954 697 3949 695 3949 692 3949 690 3949 690 3952 684 3954 676 3965 486 3965 460 3949 452 3947 449 3947 258 3947 258 3999"/></Shape>
	    <String CONTENT="fendres nert mie couuignable ⁊ sescria pucieles"
                    HPOS="256"
                    VPOS="3947"
                    WIDTH="1346"
                    HEIGHT="115"></String>
          </TextLine>

          
          
          <TextLine ID="eSc_line_5585f918"
                    TAGREFS="LT1723"
                    BASELINE="266 4072 1583 4093" 
                    HPOS="263"
                    VPOS="4020"
                    WIDTH="1320"
                    HEIGHT="104">
            <Shape><Polygon POINTS="266 4072 263 4098 595 4122 598 4124 1581 4124 1583 4093 1581 4046 1508 4038 1505 4038 1502 4038 1487 4043 1458 4054 1398 4043 1348 4035 1346 4035 1343 4035 1319 4043 1301 4048 1278 4043 1249 4033 1246 4033 1244 4033 1241 4033 1207 4041 1176 4048 1139 4041 1084 4030 1082 4030 1079 4030 1048 4041 1032 4046 1014 4041 982 4030 980 4030 977 4030 974 4030 972 4030 956 4041 943 4046 773 4046 768 4038 755 4028 755 4025 752 4025 750 4025 747 4025 744 4025 742 4025 723 4038 718 4041 705 4038 653 4025 650 4025 648 4025 478 4035 433 4038 420 4035 360 4020 358 4020 355 4020 266 4033 266 4072"/></Shape>
	    <String CONTENT="m̾ci car ma desfense ne ma mestier contre vous."
                    HPOS="263"
                    VPOS="4020"
                    WIDTH="1320"
                    HEIGHT="104"></String>
          </TextLine>

          
          
          <TextLine ID="eSc_line_6d585694"
                    TAGREFS="LT1723"
                    BASELINE="279 4158 1583 4163" 
                    HPOS="277"
                    VPOS="4090"
                    WIDTH="1306"
                    HEIGHT="165">
            <Shape><Polygon POINTS="279 4158 277 4205 363 4205 368 4208 433 4250 436 4250 439 4250 441 4252 554 4252 554 4250 556 4250 559 4250 588 4226 656 4229 658 4229 661 4229 663 4229 663 4226 682 4208 687 4205 964 4205 974 4210 1079 4252 1082 4252 1084 4255 1385 4255 1385 4252 1387 4252 1424 4234 1497 4244 1500 4244 1502 4244 1505 4244 1547 4213 1555 4208 1576 4213 1583 4163 1581 4119 1432 4119 1424 4114 1382 4098 1380 4098 1377 4098 1293 4111 1291 4111 1278 4098 1275 4098 1272 4098 1270 4098 1267 4098 1244 4111 1231 4116 1063 4106 1001 4103 998 4103 995 4103 990 4106 969 4116 948 4103 946 4103 943 4103 940 4103 925 4103 838 4109 828 4101 818 4093 815 4093 812 4093 810 4093 807 4093 791 4101 763 4116 595 4116 567 4095 564 4093 561 4093 559 4093 279 4090 279 4158"/></Shape>
	    <String CONTENT="¶ Lors sont venues a lui ⁊ sagenoulla de deuat̾"
                    HPOS="277"
                    VPOS="4090"
                    WIDTH="1306"
                    HEIGHT="165"></String>
          </TextLine>

          
        </TextBlock>
        
        <TextBlock HPOS="1735"
                   VPOS="282"
                   WIDTH="1388"
                   HEIGHT="3957"
                   ID="eSc_textblock_6bdd4bc3"
                   TAGREFS="BT5162">
          <Shape><Polygon POINTS="2830 292 3123 355 3112 3602 3102 4114 3050 4229 1766 4239 1735 4197 1756 1995 1798 1912 1952 1901 2007 1794 1986 1577 1777 1522 1777 815 1819 522 1812 429 1819 323 1999 282"/></Shape>
          
          
          <TextLine ID="eSc_line_8eba1768"
                    TAGREFS="LT1723"
                    BASELINE="1803 326 3086 365" 
                    HPOS="1800"
                    VPOS="250"
                    WIDTH="1286"
                    HEIGHT="157">
            <Shape><Polygon POINTS="1871 368 1874 368 2226 368 2315 386 2318 386 2524 378 2569 394 2571 394 2574 394 2707 383 2741 399 2744 399 2746 399 2885 389 2909 404 2911 404 2914 404 3031 407 3034 407 3037 407 3084 391 3086 365 3086 308 3060 292 3058 292 3055 292 3052 292 3050 292 3047 292 3024 308 3016 310 2885 308 2877 300 2869 292 2867 292 2864 292 2861 292 2780 295 2686 300 2668 289 2645 274 2642 274 2639 274 2637 274 2587 284 2579 274 2577 274 2577 271 2574 271 2571 271 2318 263 2315 263 2271 271 2198 284 2022 269 2020 269 2017 269 1996 279 1855 258 1853 258 1850 258 1829 269 1808 250 1803 326 1800 352"/></Shape>
	    <String CONTENT="elles ⁊ leur tendi lespee ⁊ elles lont rechiut a faire"
                    HPOS="1800"
                    VPOS="250"
                    WIDTH="1286"
                    HEIGHT="157"></String>
          </TextLine>

          
          
          <TextLine ID="eSc_line_9777de35"
                    TAGREFS="LT1723"
                    BASELINE="1806 389 3131 438" 
                    HPOS="1803"
                    VPOS="339"
                    WIDTH="1328"
                    HEIGHT="131">
            <Shape><Polygon POINTS="1803 415 1900 436 1902 436 2140 433 2148 444 2151 444 2151 446 2153 446 2156 446 2158 446 2221 433 2292 451 2294 451 2297 451 2496 444 2668 464 2671 464 2673 464 2710 451 2778 470 2780 470 2783 470 3128 464 3131 438 3131 394 2441 378 2383 363 2360 357 2357 357 2354 357 2347 360 2320 370 2195 355 2190 355 2187 355 2185 355 2161 365 2140 352 2137 350 2135 350 2132 350 2130 350 2077 350 1863 352 1808 339 1806 389 1803 415"/></Shape>
	    <String CONTENT="ce que la roine deuant nomee plairoit. Tout en au"
                    HPOS="1803"
                    VPOS="339"
                    WIDTH="1328"
                    HEIGHT="131"></String>
          </TextLine>

          
          
          <TextLine ID="eSc_line_170c24ad"
                    TAGREFS="LT1723"
                    BASELINE="1800 467 3131 514" 
                    HPOS="1798"
                    VPOS="423"
                    WIDTH="1333"
                    HEIGHT="122">
            <Shape><Polygon POINTS="1800 467 1798 485 2315 519 2760 535 2762 535 2820 525 3071 545 3073 545 3128 532 3131 514 3131 454 2956 449 2953 449 2950 449 2909 462 2741 444 2686 438 2684 438 2663 441 2613 451 2417 446 2404 436 2396 428 2394 428 2391 428 2388 428 2354 433 2318 441 2273 433 2219 423 1800 423 1800 467"/></Shape>
	    <String CONTENT="teil maniere le siuoit la bloie puciele come ie vꝰ auo"
                    HPOS="1798"
                    VPOS="423"
                    WIDTH="1333"
                    HEIGHT="122"></String>
          </TextLine>

          
          
          <TextLine ID="eSc_line_40d841c6"
                    TAGREFS="LT1723"
                    BASELINE="1800 535 3120 569" 
                    HPOS="1798"
                    VPOS="493"
                    WIDTH="1322"
                    HEIGHT="113">
            <Shape><Polygon POINTS="1800 535 1798 556 2117 579 2119 579 2425 577 2451 592 2454 592 2456 592 2459 592 2462 592 2464 592 2483 579 2506 595 2509 595 2511 595 2514 595 2801 590 2809 600 2812 600 2812 603 2814 603 2817 603 2916 606 2919 606 3118 590 3120 569 3120 527 1800 493 1800 535"/></Shape>
	    <String CONTENT="ie fait mension de deuant: arres de ce que Iaphꝰ si a"
                    HPOS="1798"
                    VPOS="493"
                    WIDTH="1322"
                    HEIGHT="113"></String>
          </TextLine>

          
          
          <TextLine ID="eSc_line_a5b5df3e"
                    TAGREFS="LT1723"
                    BASELINE="1800 603 3115 647" 
                    HPOS="1798"
                    VPOS="553"
                    WIDTH="1317"
                    HEIGHT="118">
            <Shape><Polygon POINTS="1800 603 1798 621 1876 639 1879 639 1934 629 1949 642 1952 642 1955 642 1957 642 2090 634 2096 634 2101 634 2185 650 2187 650 2190 650 2226 639 2268 653 2271 653 2273 653 2331 642 2334 642 2341 653 2344 653 2344 655 2347 655 2349 655 3110 671 3115 647 3115 598 1800 553 1800 603"/></Shape>
	    <String CONTENT="voit ietees sõ haubierch a ses autres armeures a tra"
                    HPOS="1798"
                    VPOS="553"
                    WIDTH="1317"
                    HEIGHT="118"></String>
          </TextLine>

          
          
          <TextLine ID="eSc_line_62ab076e"
                    TAGREFS="LT1723"
                    BASELINE="1795 692 3094 731" 
                    HPOS="1792"
                    VPOS="632"
                    WIDTH="1302"
                    HEIGHT="117">
            <Shape><Polygon POINTS="1795 692 1792 710 3089 749 3094 731 3094 673 3089 668 3086 668 3086 666 3084 666 3081 666 3078 666 3076 666 3042 681 2956 666 2953 666 2861 673 2838 658 2835 658 2833 658 2830 658 2828 658 2767 673 2726 655 2723 655 2720 655 2718 655 2681 671 2637 658 2634 658 2631 658 2584 668 2564 653 2564 650 2561 650 2558 650 2556 650 2553 650 2498 666 2496 666 2315 663 2310 660 2137 637 2135 637 2132 637 2098 650 2017 634 2015 634 2012 634 2009 634 1994 647 1970 632 1968 632 1965 632 1962 632 1795 645 1795 692"/></Shape>
	    <String CONTENT="uiers de sa siele ⁊ le menoit cele a laut̾ les en diestre a"
                    HPOS="1792"
                    VPOS="632"
                    WIDTH="1302"
                    HEIGHT="117"></String>
          </TextLine>

          
          
          <TextLine ID="eSc_line_57667342"
                    TAGREFS="LT1723"
                    BASELINE="1795 760 3120 801" 
                    HPOS="1792"
                    VPOS="710"
                    WIDTH="1328"
                    HEIGHT="123">
            <Shape><Polygon POINTS="1795 760 1792 783 2208 815 2211 815 2289 801 2409 820 2412 820 2415 820 2449 809 2462 822 2464 822 2467 822 2469 822 2723 817 2786 833 2788 833 2791 833 3118 825 3120 801 3120 749 1795 710 1795 760"/></Shape>
	    <String CONTENT="veuch le cheual qui auoit este a faitrop. Ensi vinrẽt"
                    HPOS="1792"
                    VPOS="710"
                    WIDTH="1328"
                    HEIGHT="123"></String>
          </TextLine>

          
          
          <TextLine ID="eSc_line_9eb7c351"
                    TAGREFS="LT1723"
                    BASELINE="1790 835 3089 880" 
                    HPOS="1787"
                    VPOS="783"
                    WIDTH="1302"
                    HEIGHT="115">
            <Shape><Polygon POINTS="1790 835 1787 854 2399 890 3084 898 3089 880 3089 838 3073 822 3073 820 3071 820 3068 820 3010 817 2838 812 2835 812 2833 812 2783 828 2744 809 2741 809 2739 809 2645 822 2631 822 2624 820 2574 804 2571 804 2569 804 2498 815 2475 817 1790 783 1790 835"/></Shape>
	    <String CONTENT="en la prescece de la roine qui se seoit el faucdestues si"
                    HPOS="1787"
                    VPOS="783"
                    WIDTH="1302"
                    HEIGHT="115"></String>
          </TextLine>

          
          
          <TextLine ID="eSc_line_3b1d3eec"
                    TAGREFS="LT1723"
                    BASELINE="1792 909 3115 948" 
                    HPOS="1790"
                    VPOS="854"
                    WIDTH="1325"
                    HEIGHT="128">
            <Shape><Polygon POINTS="1792 909 1790 927 1894 948 1897 948 1900 948 1926 935 2004 950 2007 950 2104 940 2127 940 2135 943 2166 956 2169 956 2171 956 2174 956 2213 945 2229 943 2260 948 2336 961 2339 961 2381 953 2409 948 2454 956 2511 966 2514 966 2516 966 2543 958 2569 953 2624 963 2673 971 2676 971 2736 969 2794 963 2914 974 2966 979 2969 979 2971 979 2974 979 2974 976 2992 966 3110 982 3115 948 3112 903 2924 882 2922 882 2634 888 2590 888 2558 885 2399 869 2396 869 2336 880 2328 880 2326 880 2310 867 2307 867 2305 867 2302 867 2250 877 2245 877 2234 864 2232 864 2232 862 2229 862 2226 862 2224 862 2158 875 2151 875 2148 875 2127 859 2124 859 2122 859 2119 859 2041 869 2038 869 1973 854 1970 854 1968 854 1792 862 1792 909"/></Shape>
	    <String CONTENT="noble: quil nest cuṛers qui mie peuist penser ne"
                    HPOS="1790"
                    VPOS="854"
                    WIDTH="1325"
                    HEIGHT="128"></String>
          </TextLine>

          
          
          <TextLine ID="eSc_line_e6146fbd"
                    TAGREFS="LT1723"
                    BASELINE="1785 974 3110 1016" 
                    HPOS="1782"
                    VPOS="922"
                    WIDTH="1328"
                    HEIGHT="128">
            <Shape><Polygon POINTS="1785 974 1782 1000 1806 1013 1808 1013 1811 1013 1813 1013 1816 1013 1850 1000 1949 1018 1952 1018 1955 1018 2004 1005 2036 1021 2038 1021 2041 1021 2187 1010 2203 1023 2203 1026 2205 1026 2208 1026 2211 1026 2587 1023 2796 1044 2799 1044 2922 1037 2937 1050 2940 1050 2943 1050 2945 1050 3107 1037 3110 1016 3110 974 3078 958 3076 958 3073 958 2945 969 2775 948 2773 948 2702 961 2694 961 2684 961 2579 943 2577 943 2574 943 2537 956 2535 956 2532 953 2514 940 2511 940 2509 940 2506 940 2503 940 2472 953 2469 953 2467 953 2449 937 2446 937 2443 937 2441 937 2318 945 2281 948 2260 945 2213 932 2211 932 2208 932 2156 940 2135 943 2127 940 2114 927 2111 927 2109 927 2106 927 2056 935 2033 940 2022 935 2007 924 2004 924 2002 924 1999 924 1996 924 1978 932 1970 937 1960 932 1936 922 1934 922 1931 922 1785 924 1785 974"/></Shape>
	    <String CONTENT="bouche deuiser langue afilee descrire: qͥ mie puist"
                    HPOS="1782"
                    VPOS="922"
                    WIDTH="1328"
                    HEIGHT="128"></String>
          </TextLine>

          
          
          <TextLine ID="eSc_line_dc1cf41c"
                    TAGREFS="LT1723"
                    BASELINE="1782 1052 3094 1084" 
                    HPOS="1779"
                    VPOS="995"
                    WIDTH="1315"
                    HEIGHT="123">
            <Shape><Polygon POINTS="1782 1052 1779 1078 2655 1110 2658 1110 2856 1102 2864 1102 2869 1102 2984 1118 2987 1118 3091 1104 3094 1084 3094 1039 2875 1018 2872 1018 2799 1029 2773 1031 2767 1026 2757 1018 2757 1016 2754 1016 2752 1016 2655 1013 2652 1013 2550 1018 2483 1023 2464 1016 2441 1008 2438 1008 2435 1008 2433 1008 2430 1008 2420 1016 2409 1021 2286 1021 2279 1010 2273 1008 2273 1005 2271 1005 2268 1005 2266 1005 2190 1008 2033 1013 2020 1003 2020 1000 2017 1000 2015 1000 2012 1000 1994 1000 1892 1010 1782 995 1782 1052"/></Shape>
	    <String CONTENT="faire entendre a home sage ne discreit: la richoi"
                    HPOS="1779"
                    VPOS="995"
                    WIDTH="1315"
                    HEIGHT="123"></String>
          </TextLine>

          
          
          <TextLine ID="eSc_line_711c20d5"
                    TAGREFS="LT1723"
                    BASELINE="1785 1125 3141 1154" 
                    HPOS="1782"
                    VPOS="1081"
                    WIDTH="1359"
                    HEIGHT="115">
            <Shape><Polygon POINTS="1785 1125 1782 1151 1934 1170 1936 1170 1939 1170 1970 1157 1973 1157 1975 1157 2056 1170 2059 1170 2135 1159 2143 1159 2145 1159 2185 1178 2187 1178 2190 1178 2268 1162 2276 1162 2297 1162 2556 1185 2558 1185 2794 1175 2833 1191 2835 1191 3024 1196 3026 1196 3029 1196 3031 1196 3052 1180 3139 1180 3141 1154 3141 1112 2780 1091 2778 1091 2488 1097 2459 1097 2454 1097 2415 1084 2412 1084 2409 1084 2318 1094 2307 1094 2305 1094 2294 1084 2294 1081 2292 1081 2289 1081 2286 1081 1785 1081 1785 1125"/></Shape>
	    <String CONTENT="se de la citei. du palais ⁊ des singneries qui partout"
                    HPOS="1782"
                    VPOS="1081"
                    WIDTH="1359"
                    HEIGHT="115"></String>
          </TextLine>

          
          
          <TextLine ID="eSc_line_d8138475"
                    TAGREFS="LT1723"
                    BASELINE="1787 1204 3107 1235" 
                    HPOS="1785"
                    VPOS="1146"
                    WIDTH="1322"
                    HEIGHT="123">
            <Shape><Polygon POINTS="1787 1204 1785 1230 1931 1248 1934 1248 1991 1238 2004 1248 2004 1251 2007 1251 2009 1251 2012 1251 2093 1240 2111 1253 2114 1253 2117 1253 2119 1256 2720 1256 2773 1269 2775 1269 2778 1269 3105 1261 3107 1235 3107 1193 3039 1193 3034 1191 3000 1172 2997 1172 2995 1172 2901 1188 2888 1188 2872 1185 2757 1170 2754 1170 2485 1175 2422 1159 2420 1159 2417 1159 2415 1159 2378 1175 2375 1175 2357 1175 2117 1151 2114 1151 2111 1151 2054 1167 2049 1167 2041 1167 1897 1146 1894 1146 1787 1159 1787 1204"/></Shape>
	    <String CONTENT="aparoient. Meime de la biaute de la roine des da"
                    HPOS="1785"
                    VPOS="1146"
                    WIDTH="1322"
                    HEIGHT="123"></String>
          </TextLine>

          
          
          <TextLine ID="eSc_line_1354c887"
                    TAGREFS="LT1723"
                    BASELINE="1777 1282 3125 1316" 
                    HPOS="1774"
                    VPOS="1227"
                    WIDTH="1351"
                    HEIGHT="131">
            <Shape><Polygon POINTS="1777 1282 1774 1308 1921 1327 1923 1327 2028 1319 2085 1334 2088 1334 2090 1334 2158 1321 2221 1337 2224 1337 2226 1337 2229 1337 2232 1337 2250 1324 2292 1340 2294 1340 2297 1340 2480 1329 3021 1358 3024 1358 3123 1342 3125 1316 3123 1253 3042 1266 2969 1251 2966 1251 2963 1251 2961 1251 2916 1266 2817 1266 2804 1248 2801 1248 2801 1246 2799 1246 2796 1246 2794 1246 2778 1248 2713 1261 2634 1246 2605 1240 2603 1240 2577 1246 2522 1256 2488 1243 2472 1238 2469 1238 2467 1238 2420 1243 2349 1251 2323 1240 2300 1232 2297 1232 2294 1232 2219 1240 2156 1248 2114 1248 2104 1238 2093 1230 2093 1227 2090 1227 2088 1227 2085 1227 2083 1227 2049 1238 2028 1243 2007 1238 1983 1230 1981 1230 1978 1230 1777 1232 1777 1282"/></Shape>
	    <String CONTENT="mes ⁊ des pucieles qui illuech furent a cui Iaphꝰ"
                    HPOS="1774"
                    VPOS="1227"
                    WIDTH="1351"
                    HEIGHT="131"></String>
          </TextLine>

          
          
          <TextLine ID="eSc_line_c04b2870"
                    TAGREFS="LT1723"
                    BASELINE="1774 1363 3136 1394" 
                    HPOS="1774"
                    VPOS="1300"
                    WIDTH="1362"
                    HEIGHT="131">
            <Shape><Polygon POINTS="1774 1363 1774 1402 1813 1389 1894 1402 1897 1402 1999 1392 2090 1392 2106 1407 2114 1413 2117 1413 2119 1413 2122 1413 2339 1407 2433 1407 2462 1410 2569 1423 2571 1423 2574 1423 2613 1410 2626 1407 2639 1413 2679 1426 2681 1426 2684 1426 2762 1413 2778 1410 2780 1413 2791 1426 2794 1426 2794 1428 2796 1428 2799 1428 2801 1428 2804 1428 2856 1415 2906 1431 2909 1431 2911 1431 2914 1431 2974 1415 3000 1431 3003 1431 3005 1431 3008 1431 3133 1415 3136 1394 3136 1350 2984 1347 2982 1342 2969 1332 2969 1329 2966 1329 2963 1329 2961 1329 2958 1329 2924 1342 2911 1345 2880 1340 2796 1324 2794 1324 2728 1334 2689 1340 2671 1332 2645 1321 2642 1321 2639 1321 2637 1321 2618 1329 2608 1337 2592 1329 2574 1319 2571 1319 2569 1319 2516 1327 2462 1334 2430 1324 2425 1321 2422 1321 2420 1321 2407 1321 2349 1332 2334 1319 2328 1316 2328 1313 2326 1313 2323 1313 2320 1313 2294 1319 2239 1329 2195 1313 2182 1311 2179 1311 2177 1311 2174 1311 2171 1311 2169 1313 2148 1327 2127 1311 2122 1308 2119 1308 2117 1308 2114 1308 2111 1308 2104 1311 2080 1324 1960 1306 1949 1306 1947 1306 1944 1306 1892 1321 1774 1300 1774 1363"/></Shape>
	    <String CONTENT="se rendi pris ⁊ se mist en lor m̾ci lui ⁊ la bloie puci"
                    HPOS="1774"
                    VPOS="1300"
                    WIDTH="1362"
                    HEIGHT="131"></String>
          </TextLine>

          
          
          <TextLine ID="eSc_line_e213b818"
                    TAGREFS="LT1723"
                    BASELINE="1777 1436 3078 1465" 
                    HPOS="1774"
                    VPOS="1387"
                    WIDTH="1304"
                    HEIGHT="101">
            <Shape><Polygon POINTS="1777 1436 1774 1470 3073 1488 3078 1465 3076 1407 2958 1421 2799 1402 2794 1402 2791 1402 2783 1402 2608 1413 2383 1394 2331 1392 2328 1392 2292 1394 2171 1402 1777 1387 1777 1436"/></Shape>
	    <String CONTENT="ele de coi li contes fait ou endroit ci fĩ atraie diaꝰ"
                    HPOS="1774"
                    VPOS="1387"
                    WIDTH="1304"
                    HEIGHT="101"></String>
          </TextLine>

          
          
          <TextLine ID="eSc_line_bdd0936d"
                    TAGREFS="LT1723"
                    BASELINE="1774 1512 3099 1543" 
                    HPOS="1772"
                    VPOS="1455"
                    WIDTH="1327"
                    HEIGHT="128">
            <Shape><Polygon POINTS="1774 1512 1772 1530 2015 1559 2017 1559 2098 1543 2187 1559 2190 1559 2391 1549 2446 1569 2449 1569 2545 1572 2733 1575 2736 1575 2739 1575 2765 1562 2794 1577 2796 1577 2799 1577 2801 1577 2861 1562 3024 1583 3026 1583 3029 1583 3097 1562 3099 1543 3099 1491 2501 1483 2488 1478 2441 1465 2438 1465 2435 1465 2357 1475 2331 1478 2318 1475 2286 1462 2284 1462 2281 1462 2195 1473 2182 1473 2171 1473 2106 1457 2104 1457 2101 1457 2070 1470 2067 1470 2056 1470 1970 1455 1968 1455 1774 1462 1774 1512"/></Shape>
	    <String CONTENT="car biele prisõ eurent ⁊ si repaire ou endroit a Iosi"
                    HPOS="1772"
                    VPOS="1455"
                    WIDTH="1327"
                    HEIGHT="128"></String>
          </TextLine>

          
          
          <TextLine ID="eSc_line_5f5a6487"
                    TAGREFS="LT1723"
                    BASELINE="1777 1583 3024 1619" 
                    HPOS="1774"
                    VPOS="1525"
                    WIDTH="1250"
                    HEIGHT="123">
            <Shape><Polygon POINTS="1777 1583 1774 1601 2041 1609 2043 1611 2080 1630 2083 1630 2336 1637 2339 1637 2396 1624 2404 1624 2417 1627 2490 1643 3018 1648 3024 1619 3024 1564 2522 1562 2511 1554 2501 1546 2498 1546 2496 1546 2493 1546 2451 1551 2422 1556 2415 1551 2396 1541 2394 1541 2391 1541 2388 1541 2386 1541 2383 1541 2370 1551 2365 1554 2357 1551 2328 1541 2326 1541 2323 1541 2258 1549 2237 1551 2234 1549 2221 1538 2221 1535 2219 1535 2216 1535 2213 1535 1983 1543 1957 1543 1949 1543 1863 1525 1860 1525 1777 1538 1777 1583"/></Shape>
	    <String CONTENT="as ensi come ien laissai ca de deuant a parler."
                    HPOS="1774"
                    VPOS="1525"
                    WIDTH="1250"
                    HEIGHT="123"></String>
          </TextLine>

          
          
          <TextLine ID="eSc_line_8c62617c"
                    TAGREFS="LT1723"
                    BASELINE="1996 1671 3065 1692" 
                    HPOS="1994"
                    VPOS="1609"
                    WIDTH="1071"
                    HEIGHT="117">
            <Shape><Polygon POINTS="1996 1671 1994 1705 2524 1705 2530 1711 2532 1716 2535 1716 2535 1718 2537 1718 2540 1718 2723 1721 2726 1721 2778 1713 2796 1711 2822 1713 2937 1726 2940 1726 3063 1713 3065 1692 3065 1645 3029 1630 3026 1630 3024 1630 3021 1630 3018 1630 2995 1645 2982 1645 2882 1630 2880 1630 2877 1630 2875 1630 2875 1632 2864 1640 2861 1643 2736 1643 2731 1635 2720 1627 2720 1624 2718 1624 2715 1624 2713 1624 2673 1632 2665 1635 2660 1632 2650 1622 2647 1622 2645 1622 2642 1622 2639 1622 2637 1622 2626 1632 2621 1635 2574 1630 2493 1619 2490 1619 2488 1619 2485 1619 2477 1624 2462 1635 2409 1622 2399 1622 2396 1622 2383 1622 2268 1632 2234 1616 2229 1614 2226 1614 2224 1614 2221 1614 2219 1614 2216 1616 2198 1627 1996 1609 1996 1671"/></Shape>
	    <String CONTENT="R nos dist ci endroit li contes que en autel"
                    HPOS="1994"
                    VPOS="1609"
                    WIDTH="1071"
                    HEIGHT="117"></String>
          </TextLine>

          
          
          <TextLine ID="eSc_line_d886463f"
                    TAGREFS="LT1723"
                    BASELINE="1994 1739 3141 1758" 
                    HPOS="1991"
                    VPOS="1695"
                    WIDTH="1150"
                    HEIGHT="102">
            <Shape><Polygon POINTS="1994 1739 1991 1778 2062 1768 2177 1781 2216 1786 2219 1786 2247 1781 2320 1771 2409 1781 2485 1791 2488 1794 2548 1794 2548 1791 2550 1791 2553 1791 2564 1781 2569 1776 2584 1781 2603 1789 2605 1789 2608 1789 2780 1781 2830 1781 2833 1781 2846 1794 2846 1797 2848 1797 2851 1797 2854 1797 3139 1781 3141 1758 3141 1705 1994 1695 1994 1739"/></Shape>
	    <String CONTENT="maniere come Ie vos ai deuise de Iaphꝰ comẽt"
                    HPOS="1991"
                    VPOS="1695"
                    WIDTH="1150"
                    HEIGHT="102"></String>
          </TextLine>

          
          
          <TextLine ID="eSc_line_c6c6dd09"
                    TAGREFS="LT1723"
                    BASELINE="1991 1812 3097 1849" 
                    HPOS="1989"
                    VPOS="1763"
                    WIDTH="1108"
                    HEIGHT="117">
            <Shape><Polygon POINTS="1991 1812 1989 1831 3091 1880 3097 1849 3097 1799 2702 1771 1991 1763 1991 1812"/></Shape>
	    <String CONTENT="il se troua el chemĩ desus dit. Iosias si se retͦua"
                    HPOS="1989"
                    VPOS="1763"
                    WIDTH="1108"
                    HEIGHT="117"></String>
          </TextLine>

          
          
          <TextLine ID="eSc_line_ff5f732a"
                    TAGREFS="LT1723"
                    BASELINE="1779 1878 3084 1906" 
                    HPOS="1777"
                    VPOS="1815"
                    WIDTH="1307"
                    HEIGHT="128">
            <Shape><Polygon POINTS="2590 1833 2571 1833 2550 1844 2530 1854 2368 1839 2365 1839 2362 1839 2271 1849 2252 1833 2242 1825 2242 1823 2239 1823 2237 1823 2177 1823 2174 1823 2171 1823 2169 1823 2161 1828 2135 1846 2015 1846 1928 1820 1918 1818 1915 1818 1779 1815 1779 1878 1777 1901 1813 1914 1816 1914 1819 1914 1915 1906 1947 1922 1949 1922 1952 1922 1955 1922 2012 1906 2041 1925 2043 1925 2046 1925 2049 1925 2234 1912 2276 1930 2279 1930 2281 1930 2284 1930 2286 1930 2286 1927 2302 1914 2368 1933 2370 1933 2373 1933 2456 1917 2485 1935 2488 1935 2490 1935 2770 1940 2773 1940 2775 1940 2812 1925 2841 1943 2843 1943 2846 1943 2848 1943 2851 1943 2916 1927 3078 1927 3084 1906 3084 1867 3042 1852 3039 1852 3037 1852 2880 1859 2838 1859 2833 1857 2820 1846 2817 1846 2814 1846 2812 1846 2809 1846 2791 1854 2778 1859 2713 1852 2665 1846 2663 1846 2660 1846 2652 1849 2637 1857 2618 1849 2590 1833 2590 1833"/></Shape>
	    <String CONTENT="en .i. autre. Auĩt de ce: que mlt̾ sesbahi ⁊ si seut bñ"
                    HPOS="1777"
                    VPOS="1815"
                    WIDTH="1307"
                    HEIGHT="128"></String>
          </TextLine>

          
          
          <TextLine ID="eSc_line_16ec7969"
                    TAGREFS="LT1723"
                    BASELINE="1769 1956 3068 1987" 
                    HPOS="1766"
                    VPOS="1896"
                    WIDTH="1302"
                    HEIGHT="125">
            <Shape><Polygon POINTS="1769 1956 1766 1990 2307 1990 2336 1998 2362 2006 2365 2006 2477 2008 2480 2008 2483 2008 2485 2008 2493 2000 2496 1998 2498 2000 2506 2006 2506 2008 2509 2008 2511 2008 2514 2008 2621 2000 2652 2000 2668 2003 2741 2016 2744 2016 2835 2003 2848 2003 2864 2006 2958 2021 2961 2021 3065 2006 3068 1987 3065 1946 2956 1922 2953 1922 2856 1938 2848 1938 2838 1938 2786 1925 2783 1925 2681 1933 2655 1933 2650 1930 2634 1919 2631 1919 2629 1919 2626 1919 2446 1922 2349 1925 2336 1919 2307 1906 2305 1906 2302 1906 2300 1906 2273 1917 2266 1919 2252 1917 2200 1904 2198 1904 2195 1904 2083 1912 1983 1917 1952 1906 1931 1899 1928 1899 1842 1896 1840 1896 1837 1896 1834 1896 1829 1901 1816 1912 1769 1901 1769 1956"/></Shape>
	    <String CONTENT="quil ne peut mie saillir a auenture recourer. Por"
                    HPOS="1766"
                    VPOS="1896"
                    WIDTH="1302"
                    HEIGHT="125"></String>
          </TextLine>

          
          
          <TextLine ID="eSc_line_90efb303"
                    TAGREFS="LT1723"
                    BASELINE="1766 2037 3097 2058" 
                    HPOS="1764"
                    VPOS="1980"
                    WIDTH="1333"
                    HEIGHT="112">
            <Shape><Polygon POINTS="1764 2058 3091 2092 3097 2058 3097 2014 2731 1995 2728 1995 2663 2000 2616 2006 2600 2000 2582 1993 2579 1993 2577 1993 2530 1998 2485 2003 2454 1995 2430 1990 2428 1990 2425 1990 2266 1993 1962 1995 1913 1982 1910 1982 1907 1982 1905 1982 1897 1982 1808 1993 1769 1980 1766 2037 1764 2058"/></Shape>
	    <String CONTENT="coi il ne fist mie arrest illuech anchois se mist au"
                    HPOS="1764"
                    VPOS="1980"
                    WIDTH="1333"
                    HEIGHT="112"></String>
          </TextLine>

          
          
          <TextLine ID="eSc_line_60f4eb25"
                    TAGREFS="LT1723"
                    BASELINE="1766 2113 3084 2136" 
                    HPOS="1764"
                    VPOS="2055"
                    WIDTH="1320"
                    HEIGHT="115">
            <Shape><Polygon POINTS="1766 2113 1764 2147 1832 2149 1834 2149 1837 2149 1840 2149 1858 2134 1983 2134 1999 2149 2002 2152 2004 2152 2007 2152 2009 2152 2012 2152 2025 2149 2067 2139 2096 2149 2109 2155 2111 2155 2114 2155 2200 2149 2334 2142 2370 2149 2388 2155 2391 2155 2394 2155 2443 2152 2493 2147 2501 2152 2516 2162 2519 2162 2522 2162 2524 2162 2932 2157 2963 2170 2966 2170 2969 2170 3081 2152 3084 2136 3081 2089 1766 2055 1766 2113"/></Shape>
	    <String CONTENT="cheuauchier gnͣt aleure ⁊ si auĩt quil cheuauca"
                    HPOS="1764"
                    VPOS="2055"
                    WIDTH="1320"
                    HEIGHT="115"></String>
          </TextLine>

          
          
          <TextLine ID="eSc_line_a2d86d15"
                    TAGREFS="LT1723"
                    BASELINE="1764 2183 3107 2212" 
                    HPOS="1761"
                    VPOS="2139"
                    WIDTH="1346"
                    HEIGHT="110">
            <Shape><Polygon POINTS="1764 2183 1761 2202 1884 2225 1887 2225 2007 2209 2250 2233 2252 2233 2462 2220 2511 2238 2514 2238 2516 2238 2519 2238 2558 2223 2618 2241 2621 2241 2624 2241 2723 2225 2746 2243 2749 2243 2752 2243 2754 2243 2885 2230 2901 2243 2901 2246 2903 2246 2906 2246 2909 2246 2976 2233 3063 2249 3065 2249 3068 2249 3105 2230 3107 2212 3105 2168 2987 2152 1764 2139 1764 2183"/></Shape>
	    <String CONTENT="de prime iusques a tierce si hastiuement quil pe"
                    HPOS="1761"
                    VPOS="2139"
                    WIDTH="1346"
                    HEIGHT="110"></String>
          </TextLine>

          
          
          <TextLine ID="eSc_line_a4ad1664"
                    TAGREFS="LT1723"
                    BASELINE="1761 2259 3091 2283" 
                    HPOS="1759"
                    VPOS="2212"
                    WIDTH="1332"
                    HEIGHT="110">
            <Shape><Polygon POINTS="1761 2259 1759 2285 1905 2285 1918 2288 1960 2303 1962 2303 1965 2303 2038 2290 2054 2288 2075 2290 2140 2303 2143 2303 2266 2293 2279 2293 2281 2293 2302 2309 2305 2309 2307 2309 2498 2314 2501 2314 2694 2301 2726 2317 2728 2317 2731 2317 2733 2317 2770 2301 2788 2317 2788 2319 2791 2319 2794 2319 2796 2319 2916 2303 2963 2322 2966 2322 2969 2322 3089 2303 3091 2283 3086 2225 2945 2236 2820 2223 2794 2220 2791 2220 2762 2223 2650 2230 2629 2220 2621 2217 2618 2217 2616 2217 2582 2220 2506 2228 2417 2217 2352 2212 2349 2212 1761 2212 1761 2259"/></Shape>
	    <String CONTENT="ut traire dũ cheual despaigne cau soushaidier pi"
                    HPOS="1759"
                    VPOS="2212"
                    WIDTH="1332"
                    HEIGHT="110"></String>
          </TextLine>

          
          
          <TextLine ID="eSc_line_e55f5672"
                    TAGREFS="LT1723"
                    BASELINE="1761 2335 3084 2366" 
                    HPOS="1759"
                    VPOS="2288"
                    WIDTH="1325"
                    HEIGHT="104">
            <Shape><Polygon POINTS="1761 2335 1759 2358 1790 2371 1792 2371 1795 2371 2169 2369 2310 2384 2313 2384 2415 2374 2642 2392 2645 2392 3081 2387 3084 2366 3084 2322 1761 2288 1761 2335"/></Shape>
	    <String CONTENT="erdis cou ases. En ce que qͥl estoit estoit ausi come"
                    HPOS="1759"
                    VPOS="2288"
                    WIDTH="1325"
                    HEIGHT="104"></String>
          </TextLine>

          
          
          <TextLine ID="eSc_line_fa5636cf"
                    TAGREFS="LT1723"
                    BASELINE="1761 2403 3097 2434" 
                    HPOS="1759"
                    VPOS="2358"
                    WIDTH="1338"
                    HEIGHT="113">
            <Shape><Polygon POINTS="1761 2403 1759 2424 1894 2447 1897 2447 2075 2434 2090 2434 2114 2434 2315 2458 2318 2458 2574 2450 2647 2447 2676 2452 2762 2468 2765 2468 2867 2458 2895 2455 2911 2458 2948 2471 2950 2471 2953 2471 3094 2463 3097 2434 3097 2384 1761 2358 1761 2403"/></Shape>
	    <String CONTENT="tierce. eme vos vne gnͣs checerie de chiens qͥ trop"
                    HPOS="1759"
                    VPOS="2358"
                    WIDTH="1338"
                    HEIGHT="113"></String>
          </TextLine>

          
          
          <TextLine ID="eSc_line_b23ad9e2"
                    TAGREFS="LT1723"
                    BASELINE="1764 2478 3110 2512" 
                    HPOS="1761"
                    VPOS="2418"
                    WIDTH="1349"
                    HEIGHT="126">
            <Shape><Polygon POINTS="1764 2478 1761 2502 1782 2518 1785 2518 1787 2518 2072 2526 2075 2526 2148 2512 2383 2533 2386 2533 2388 2533 2441 2518 2493 2533 2496 2533 2498 2533 2679 2523 2692 2539 2694 2539 2694 2541 2697 2541 2699 2541 2799 2544 2801 2544 2804 2544 2851 2528 3105 2531 3110 2512 3110 2458 2300 2447 2289 2439 2271 2429 2268 2429 2266 2429 2263 2429 2208 2439 2190 2442 2185 2439 2169 2426 2166 2426 2164 2426 2161 2426 2072 2437 2056 2437 2038 2437 1876 2418 1874 2418 1764 2429 1764 2478"/></Shape>
	    <String CONTENT="mieruillousement: se demenoient apries .i. chie"
                    HPOS="1761"
                    VPOS="2418"
                    WIDTH="1349"
                    HEIGHT="126"></String>
          </TextLine>

          
          
          <TextLine ID="eSc_line_fef98b29"
                    TAGREFS="LT1723"
                    BASELINE="1761 2554 3110 2583" 
                    HPOS="1759"
                    VPOS="2494"
                    WIDTH="1351"
                    HEIGHT="120">
            <Shape><Polygon POINTS="1761 2554 1759 2570 1787 2588 1790 2588 1792 2588 1795 2588 1871 2570 1889 2588 1889 2591 1892 2591 1894 2591 1897 2593 1955 2593 1955 2591 1957 2591 1960 2591 1960 2588 1975 2575 2148 2575 2177 2596 2179 2596 2182 2596 2250 2599 2252 2599 2255 2599 2294 2588 2582 2604 2584 2604 2587 2604 2590 2604 2590 2601 2608 2586 2739 2586 2898 2612 2901 2612 2982 2596 3047 2614 3050 2614 3052 2614 3055 2614 3107 2593 3110 2583 3110 2531 2948 2518 2945 2518 2895 2526 2867 2531 2856 2526 2841 2515 2838 2515 2835 2515 2833 2515 2713 2523 2658 2526 2647 2520 2621 2510 2618 2510 2616 2510 2561 2520 2543 2523 2530 2520 2490 2507 2488 2507 2485 2507 2483 2507 2459 2518 2454 2520 2255 2520 2224 2515 2124 2499 2122 2499 1926 2510 1889 2510 1881 2507 1842 2494 1840 2494 1837 2494 1761 2505 1761 2554"/></Shape>
	    <String CONTENT="rf. ⁊ .i. corneis auoit apries si gnͣt. quil sambla a Io"
                    HPOS="1759"
                    VPOS="2494"
                    WIDTH="1351"
                    HEIGHT="120"></String>
          </TextLine>

          
          
          <TextLine ID="eSc_line_85057cef"
                    TAGREFS="LT1723"
                    BASELINE="1756 2627 3115 2659" 
                    HPOS="1753"
                    VPOS="2562"
                    WIDTH="1362"
                    HEIGHT="133">
            <Shape><Polygon POINTS="1756 2627 1753 2651 1785 2664 1787 2664 1790 2664 2090 2659 2320 2680 2595 2685 2598 2685 2658 2672 2679 2687 2681 2687 2684 2687 2686 2687 2689 2687 2736 2674 2749 2687 2752 2687 2754 2687 2757 2687 2966 2682 3000 2695 3003 2695 3005 2695 3112 2680 3115 2659 3115 2614 3008 2591 3005 2591 2922 2606 2901 2609 2877 2604 2820 2588 2817 2588 2814 2588 2812 2588 2783 2601 2775 2604 2650 2604 2637 2596 2621 2583 2618 2583 2616 2583 2613 2583 2611 2583 2608 2583 2598 2593 2592 2599 2334 2599 2297 2583 2286 2578 2284 2578 2281 2578 2260 2580 2200 2591 2174 2578 2164 2573 2161 2573 2075 2570 2072 2570 2070 2570 2064 2573 2033 2588 1996 2570 1989 2567 1986 2567 1983 2567 1981 2567 1975 2570 1936 2586 1884 2565 1879 2565 1876 2565 1756 2562 1756 2627"/></Shape>
	    <String CONTENT="sias quil i euist a bñ pau pries: autant de cors come"
                    HPOS="1753"
                    VPOS="2562"
                    WIDTH="1362"
                    HEIGHT="133"></String>
          </TextLine>

          
          
          <TextLine ID="eSc_line_503e0f4f"
                    TAGREFS="LT1723"
                    BASELINE="1753 2703 3078 2734" 
                    HPOS="1751"
                    VPOS="2643"
                    WIDTH="1327"
                    HEIGHT="125">
            <Shape><Polygon POINTS="1753 2703 1751 2721 1863 2742 1866 2742 1970 2729 1994 2745 1996 2745 1999 2745 2002 2745 2485 2742 2488 2742 2490 2742 2637 2761 2639 2761 2739 2748 2746 2748 2767 2748 3042 2768 3044 2768 3047 2768 3076 2755 3078 2734 3078 2690 2987 2672 2984 2672 2982 2672 2979 2672 2963 2685 2919 2685 2825 2685 2822 2682 2796 2667 2794 2667 2791 2667 2788 2667 2718 2680 2637 2661 2634 2661 2631 2661 2574 2677 2571 2677 2527 2659 2524 2659 2522 2659 2519 2659 2483 2674 2388 2674 2375 2674 2375 2672 2339 2656 2336 2656 2334 2656 2247 2667 2234 2656 2234 2654 2232 2654 2229 2654 2226 2654 2114 2667 2106 2667 2072 2648 2070 2648 2067 2648 1921 2661 1918 2661 1853 2643 1850 2643 1847 2643 1845 2643 1842 2643 1826 2659 1785 2646 1782 2646 1779 2646 1777 2646 1753 2656 1753 2703"/></Shape>
	    <String CONTENT="de chiens. Si quil auĩt cune si gnͣs noise auoit en"
                    HPOS="1751"
                    VPOS="2643"
                    WIDTH="1327"
                    HEIGHT="125"></String>
          </TextLine>

          
          
          <TextLine ID="eSc_line_41ffe1a1"
                    TAGREFS="LT1723"
                    BASELINE="1756 2782 3076 2810" 
                    HPOS="1753"
                    VPOS="2711"
                    WIDTH="1323"
                    HEIGHT="125">
            <Shape><Polygon POINTS="1756 2782 1753 2800 2234 2826 2237 2826 2347 2815 2378 2829 2381 2829 2715 2836 2718 2836 3073 2829 3076 2810 3076 2758 2982 2758 2979 2753 2961 2740 2961 2737 2958 2737 2956 2737 2953 2737 2867 2750 2841 2753 2833 2748 2817 2734 2814 2734 2812 2734 2809 2734 2807 2734 2783 2748 2773 2750 2655 2742 2516 2732 2514 2732 2511 2732 2498 2737 2475 2745 2407 2732 2354 2724 2352 2724 2310 2729 2237 2740 2132 2724 2098 2719 2096 2719 2059 2721 1905 2732 1756 2711 1756 2782"/></Shape>
	    <String CONTENT="la foriest quil fu auis a Iosias q̃ tous li mons i fust."
                    HPOS="1753"
                    VPOS="2711"
                    WIDTH="1323"
                    HEIGHT="125"></String>
          </TextLine>

          
          
          <TextLine ID="eSc_line_5f671d7e"
                    TAGREFS="LT1723"
                    BASELINE="1748 2860 3091 2883" 
                    HPOS="1745"
                    VPOS="2797"
                    WIDTH="1346"
                    HEIGHT="128">
            <Shape><Polygon POINTS="1748 2860 1745 2899 1858 2889 1921 2904 1939 2907 1941 2910 2012 2910 2012 2907 2015 2907 2017 2907 2017 2904 2020 2904 2030 2894 2046 2904 2049 2907 2051 2907 2054 2907 2056 2907 2124 2904 2292 2896 2307 2904 2318 2912 2320 2912 2323 2912 2326 2912 2328 2912 2352 2904 2365 2902 2396 2904 2462 2915 2464 2915 2467 2915 2485 2907 2490 2904 2490 2907 2498 2915 2501 2915 2501 2917 2503 2917 2506 2917 2509 2917 2692 2907 2746 2904 2754 2907 2796 2923 2799 2923 2801 2923 2869 2912 2943 2925 2945 2925 2948 2925 2982 2910 3089 2910 3091 2883 3089 2842 2984 2842 2979 2836 2961 2823 2958 2823 2956 2823 2953 2823 2950 2823 2948 2823 2932 2836 2927 2839 2812 2839 2801 2831 2778 2815 2775 2815 2773 2815 2770 2815 2707 2829 2673 2834 2645 2826 2629 2821 2626 2821 2624 2821 2592 2823 2532 2831 2511 2821 2488 2810 2485 2810 2483 2810 2404 2818 2365 2821 2354 2815 2339 2808 2336 2808 2334 2808 2271 2813 2166 2823 2145 2810 2143 2805 2140 2805 2137 2805 2135 2805 2117 2808 2080 2815 2059 2805 2049 2802 2046 2802 2043 2802 2017 2805 1900 2821 1858 2800 1855 2800 1748 2797 1748 2860"/></Shape>
	    <String CONTENT="Ml̾t eut gnͣt m̾ueille Iosias que teus corneis esto"
                    HPOS="1745"
                    VPOS="2797"
                    WIDTH="1346"
                    HEIGHT="128"></String>
          </TextLine>

          
          
          <TextLine ID="eSc_line_d9ec75d1"
                    TAGREFS="LT1723"
                    BASELINE="1743 2930 3071 2962" 
                    HPOS="1740"
                    VPOS="2873"
                    WIDTH="1331"
                    HEIGHT="128">
            <Shape><Polygon POINTS="1743 2930 1740 2959 3065 3001 3071 2962 3071 2904 3016 2902 3013 2902 3010 2902 3008 2902 2979 2920 2963 2907 2961 2907 2958 2907 2956 2907 2895 2917 2875 2902 2872 2899 2869 2899 2867 2899 2864 2899 2820 2902 2650 2912 2629 2899 2616 2891 2613 2891 2611 2891 2608 2891 2605 2891 2582 2899 2553 2910 2394 2910 2318 2896 2213 2883 2211 2883 2208 2883 2182 2896 2169 2902 2151 2896 2104 2881 2101 2881 2098 2881 1989 2894 1968 2896 1965 2894 1941 2878 1939 2878 1936 2878 1934 2878 1884 2889 1840 2873 1837 2873 1834 2873 1743 2891 1743 2930"/></Shape>
	    <String CONTENT="it fais apries .i. chierf. qui mie nestoit bieste pͬ"
                    HPOS="1740"
                    VPOS="2873"
                    WIDTH="1331"
                    HEIGHT="128"></String>
          </TextLine>

          
          
          <TextLine ID="eSc_line_30634e0e"
                    TAGREFS="LT1723"
                    BASELINE="1751 3009 3058 3030" 
                    HPOS="1748"
                    VPOS="2954"
                    WIDTH="1310"
                    HEIGHT="112">
            <Shape><Polygon POINTS="1751 3009 1748 3035 1808 3048 1811 3048 1813 3048 1847 3038 1866 3032 2072 3032 2088 3040 2130 3053 2132 3053 2135 3053 2137 3053 2174 3040 2185 3038 2192 3040 2237 3056 2239 3056 2242 3056 2441 3043 2462 3043 2472 3043 2577 3061 2579 3061 2582 3061 2642 3045 2663 3061 2665 3061 2668 3061 2671 3061 2720 3051 2733 3061 2733 3064 2736 3064 2739 3064 2914 3066 2916 3066 3055 3048 3058 3030 3058 2990 3008 2972 3005 2972 3003 2972 3000 2972 2969 2988 2689 2985 2689 2983 2676 2972 2676 2970 2673 2970 2671 2970 2668 2970 2665 2970 2637 2980 2616 2967 2613 2967 2611 2967 2608 2967 2605 2967 2571 2983 2566 2983 2561 2983 2488 2964 2485 2964 2166 2975 2148 2975 2132 2962 2132 2959 2130 2959 2127 2959 1910 2954 1907 2954 1751 2967 1751 3009"/></Shape>
	    <String CONTENT="cui õ le duist faire. Por coi il se mist de maintenãt"
                    HPOS="1748"
                    VPOS="2954"
                    WIDTH="1310"
                    HEIGHT="112"></String>
          </TextLine>

          
          
          <TextLine ID="eSc_line_e0b8e09f"
                    TAGREFS="LT1723"
                    BASELINE="1748 3077 3065 3105" 
                    HPOS="1745"
                    VPOS="3022"
                    WIDTH="1320"
                    HEIGHT="117">
            <Shape><Polygon POINTS="1748 3077 1745 3108 2101 3103 2122 3116 2127 3118 2130 3118 2132 3118 2135 3118 2137 3118 2140 3118 2145 3116 2161 3105 2344 3116 2584 3132 2587 3132 2713 3118 2731 3118 2733 3118 2749 3134 2752 3134 2754 3134 2757 3134 2760 3134 2786 3121 2969 3139 2971 3139 3063 3121 3065 3105 3065 3056 2603 3053 2566 3045 2469 3030 2467 3030 2381 3043 2354 3045 2349 3043 2326 3027 2323 3027 2320 3027 2318 3027 2315 3027 2284 3040 2279 3043 2268 3040 2205 3024 2203 3024 2200 3024 2198 3024 2156 3038 2148 3040 2137 3038 2070 3022 2067 3022 1996 3035 1991 3035 1748 3032 1748 3077"/></Shape>
	    <String CONTENT="ce le ꝑt v il entendi le hustin. Il neut mie mlt̾ a"
                    HPOS="1745"
                    VPOS="3022"
                    WIDTH="1320"
                    HEIGHT="117"></String>
          </TextLine>

          
          
          <TextLine ID="eSc_line_59647490"
                    TAGREFS="LT1723"
                    BASELINE="1753 3147 3047 3171" 
                    HPOS="1751"
                    VPOS="3100"
                    WIDTH="1296"
                    HEIGHT="105">
            <Shape><Polygon POINTS="1753 3147 1751 3181 2326 3181 2522 3189 2903 3205 2906 3205 3044 3192 3047 3171 3044 3129 1753 3100 1753 3147"/></Shape>
	    <String CONTENT="le qnͣt il entra en vne trop biele lande qui nert"
                    HPOS="1751"
                    VPOS="3100"
                    WIDTH="1296"
                    HEIGHT="105"></String>
          </TextLine>

          
          
          <TextLine ID="eSc_line_2a24b170"
                    TAGREFS="LT1723"
                    BASELINE="1753 3213 3076 3233" 
                    HPOS="1751"
                    VPOS="3171"
                    WIDTH="1325"
                    HEIGHT="102">
            <Shape><Polygon POINTS="1753 3213 1751 3244 2754 3270 2757 3270 2760 3270 2809 3257 2935 3273 2937 3273 3073 3257 3076 3233 3076 3194 1753 3171 1753 3213"/></Shape>
	    <String CONTENT="mie large anchois ert si longhe: quil ne peut ve"
                    HPOS="1751"
                    VPOS="3171"
                    WIDTH="1325"
                    HEIGHT="102"></String>
          </TextLine>

          
          
          <TextLine ID="eSc_line_aadd2461"
                    TAGREFS="LT1723"
                    BASELINE="1751 3278 3068 3304" 
                    HPOS="1748"
                    VPOS="3228"
                    WIDTH="1320"
                    HEIGHT="102">
            <Shape><Polygon POINTS="1751 3278 1748 3299 3063 3330 3068 3304 3065 3262 1751 3228 1751 3278"/></Shape>
	    <String CONTENT="oir iusq̃n son ⁊ il se mist costiant a lũ des les pour ce"
                    HPOS="1748"
                    VPOS="3228"
                    WIDTH="1320"
                    HEIGHT="102"></String>
          </TextLine>

          
          
          <TextLine ID="eSc_line_349bf6e3"
                    TAGREFS="LT1723"
                    BASELINE="1759 3361 3065 3375" 
                    HPOS="1751"
                    VPOS="3299"
                    WIDTH="1313"
                    HEIGHT="113">
            <Shape><Polygon POINTS="3049 3303 3009 3303 2970 3303 2931 3303 2892 3303 2856 3299 1755 3299 1755 3358 1751 3393 3056 3412 3064 3373 3056 3303 3049 3303"/></Shape>
	    <String CONTENT="quil li fu auis q̃ li chiẽ venoient leur bieᷤ"
                    HPOS="1751"
                    VPOS="3299"
                    WIDTH="1313"
                    HEIGHT="113"></String>
          </TextLine>

          
          
          <TextLine ID="eSc_line_2f5fa8a4"
                    TAGREFS="LT1723"
                    BASELINE="1748 3432 2477 3442 3055 3463" 
                    HPOS="1745"
                    VPOS="3369"
                    WIDTH="1310"
                    HEIGHT="115">
            <Shape><Polygon POINTS="1748 3432 1745 3458 3050 3484 3055 3463 3050 3398 2953 3414 2935 3398 2932 3398 2929 3398 2927 3398 2828 3408 2812 3395 2807 3393 2807 3390 2804 3390 2801 3390 2799 3390 2796 3390 2778 3395 2726 3408 2671 3393 2647 3388 2645 3388 2642 3388 2605 3393 2545 3403 2511 3393 2483 3382 2480 3382 2477 3382 2273 3390 2145 3395 2135 3390 2122 3377 2119 3377 2117 3377 2114 3377 2111 3377 2064 3390 2043 3393 2017 3388 1907 3369 1905 3369 1748 3385 1748 3432"/></Shape>
	    <String CONTENT="te achacant par coi elle deuist passer ꝑmi. Il"
                    HPOS="1745"
                    VPOS="3369"
                    WIDTH="1310"
                    HEIGHT="115"></String>
          </TextLine>

          
          
          <TextLine ID="eSc_line_2fc0d1e1"
                    TAGREFS="LT1723"
                    BASELINE="1751 3500 3097 3521" 
                    HPOS="1748"
                    VPOS="3445"
                    WIDTH="1349"
                    HEIGHT="105">
            <Shape><Polygon POINTS="1751 3500 1748 3526 3091 3550 3097 3521 3097 3469 1931 3463 1751 3445 1751 3500"/></Shape>
	    <String CONTENT="ne demoura gaire quil vit venir cheuaucant"
                    HPOS="1748"
                    VPOS="3445"
                    WIDTH="1349"
                    HEIGHT="105"></String>
          </TextLine>

          
          
          <TextLine ID="eSc_line_0cfa1a39"
                    TAGREFS="LT1723"
                    BASELINE="1748 3573 3034 3591" 
                    HPOS="1745"
                    VPOS="3513"
                    WIDTH="1289"
                    HEIGHT="112">
            <Shape><Polygon POINTS="1745 3599 1871 3610 1874 3610 1876 3610 1905 3602 1931 3594 1973 3602 2030 3612 2033 3612 2036 3612 2054 3602 2067 3597 2080 3602 2111 3615 2114 3615 2117 3615 2190 3604 2221 3599 2260 3604 2349 3615 2352 3615 2415 3604 2435 3602 2443 3604 2480 3620 2483 3620 2485 3620 2569 3604 2579 3604 2595 3617 2598 3617 2600 3617 2603 3617 2605 3617 2647 3607 2673 3623 2676 3623 2679 3623 2681 3623 2775 3612 2867 3625 2869 3625 3031 3607 3034 3591 3031 3536 2927 3529 2924 3529 2901 3534 2848 3544 2783 3531 2754 3526 2752 3526 2749 3526 2739 3531 2713 3542 2671 3529 2650 3523 2647 3523 2645 3523 2642 3523 2639 3523 2634 3529 2616 3542 2485 3542 2449 3526 2438 3521 2435 3521 2433 3521 2412 3523 2378 3531 2328 3523 2297 3518 2239 3518 2237 3518 2234 3518 2232 3518 2232 3521 2229 3521 2216 3534 2002 3534 1970 3516 1968 3516 1965 3516 1962 3516 1949 3516 1871 3526 1858 3516 1858 3513 1855 3513 1853 3513 1850 3513 1847 3513 1840 3516 1785 3529 1751 3513 1748 3573 1745 3599"/></Shape>
	    <String CONTENT="contre lui .x. pucieleᷤ sor trop biaus palefrois les"
                    HPOS="1745"
                    VPOS="3513"
                    WIDTH="1289"
                    HEIGHT="112"></String>
          </TextLine>

          
          
          <TextLine ID="eSc_line_94ead603"
                    TAGREFS="LT1723"
                    BASELINE="1753 3651 3063 3675" 
                    HPOS="1751"
                    VPOS="3589"
                    WIDTH="1312"
                    HEIGHT="109">
            <Shape><Polygon POINTS="1753 3651 1751 3675 3058 3698 3063 3675 3063 3630 2882 3620 2867 3604 2864 3604 2861 3604 2859 3604 2856 3604 2812 3623 2765 3604 2762 3604 2760 3604 2757 3604 2754 3604 2754 3607 2739 3623 2702 3623 2668 3623 2665 3623 2624 3599 2621 3599 2618 3599 2370 3617 2349 3617 2347 3617 2323 3597 2323 3594 2320 3594 2318 3594 2315 3594 2164 3597 2161 3597 2158 3597 2137 3612 2049 3589 2046 3589 2043 3589 2041 3589 1999 3607 1753 3607 1753 3651"/></Shape>
	    <String CONTENT="mantiaus as caus les cors mis as bouches. ⁊ sonoi"
                    HPOS="1751"
                    VPOS="3589"
                    WIDTH="1312"
                    HEIGHT="109"></String>
          </TextLine>

          
          
          <TextLine ID="eSc_line_9541a171"
                    TAGREFS="LT1723"
                    BASELINE="1753 3730 3047 3748" 
                    HPOS="1751"
                    VPOS="3672"
                    WIDTH="1296"
                    HEIGHT="110">
            <Shape><Polygon POINTS="1753 3730 1751 3758 2080 3756 2106 3764 2127 3772 2130 3772 2132 3772 2234 3766 2310 3761 2373 3766 2490 3777 2493 3777 2558 3766 2587 3764 2613 3766 2676 3779 2679 3779 2765 3769 2788 3766 2804 3769 2861 3782 2864 3782 3044 3769 3047 3748 3044 3704 2979 3688 2976 3688 2720 3698 2684 3698 2671 3698 2595 3683 2592 3683 2506 3696 2490 3696 2462 3693 2273 3678 2271 3678 2187 3691 2179 3691 2174 3691 2124 3675 2122 3675 2119 3675 2036 3688 2028 3688 2020 3688 1894 3672 1892 3672 1753 3683 1753 3730"/></Shape>
	    <String CONTENT="ent la mene si noblemẽt que trop fu biele chose"
                    HPOS="1751"
                    VPOS="3672"
                    WIDTH="1296"
                    HEIGHT="110"></String>
          </TextLine>

          
          
          <TextLine ID="eSc_line_b2687427"
                    TAGREFS="LT1723"
                    BASELINE="1751 3803 3055 3821" 
                    HPOS="1748"
                    VPOS="3748"
                    WIDTH="1307"
                    HEIGHT="105">
            <Shape><Polygon POINTS="1751 3803 1748 3824 1782 3837 1785 3837 1787 3837 1921 3826 1934 3837 1934 3839 1936 3839 1939 3839 1941 3839 2830 3839 2864 3853 2867 3853 2869 3853 3052 3839 3055 3821 3055 3774 3026 3761 3024 3761 3021 3761 2898 3774 2888 3774 2861 3761 2859 3761 2856 3761 2441 3766 2435 3766 2422 3756 2422 3753 2420 3753 2417 3753 2310 3751 2307 3751 2305 3751 2271 3764 2169 3751 2166 3751 2096 3761 2083 3751 2083 3748 2080 3748 2077 3748 2075 3748 1751 3756 1751 3803"/></Shape>
	    <String CONTENT="a oir ⁊ plus a ueoir. Iosias lor vit a lencontre ⁊ si"
                    HPOS="1748"
                    VPOS="3748"
                    WIDTH="1307"
                    HEIGHT="105"></String>
          </TextLine>

          
          
          <TextLine ID="eSc_line_b5bf0f3b"
                    TAGREFS="LT1723"
                    BASELINE="1745 3873 3068 3884" 
                    HPOS="1743"
                    VPOS="3813"
                    WIDTH="1325"
                    HEIGHT="105">
            <Shape><Polygon POINTS="1745 3873 1743 3902 1774 3915 1777 3915 2085 3918 2088 3918 3065 3910 3068 3884 3065 3832 2741 3839 2624 3824 2595 3821 2592 3821 2590 3821 2587 3821 2584 3824 2569 3839 2446 3839 2425 3824 2422 3824 2420 3824 2417 3824 2336 3834 2318 3821 2318 3819 2315 3819 2313 3819 2247 3819 2245 3819 2232 3819 2090 3834 1745 3813 1745 3873"/></Shape>
	    <String CONTENT="sabandonna de les bñ vĩgnier si com il fist. Mais"
                    HPOS="1743"
                    VPOS="3813"
                    WIDTH="1325"
                    HEIGHT="105"></String>
          </TextLine>

          
          
          <TextLine ID="eSc_line_eed05fa4"
                    TAGREFS="LT1723"
                    BASELINE="1745 3947 3065 3960" 
                    HPOS="1743"
                    VPOS="3889"
                    WIDTH="1322"
                    HEIGHT="94">
            <Shape><Polygon POINTS="1745 3947 1743 3983 3063 3983 3065 3960 3063 3915 2833 3915 2825 3910 2807 3897 2804 3897 2801 3897 2799 3897 2639 3907 2566 3910 2543 3905 2506 3894 2503 3894 2501 3894 2451 3902 2428 3907 2422 3902 2412 3894 2409 3894 2407 3894 2404 3894 2229 3900 2033 3905 1981 3894 1949 3889 1947 3889 1902 3894 1819 3902 1745 3892 1745 3947"/></Shape>
	    <String CONTENT="ni eut autrement qͥl siḷ fust lor anemis morteus"
                    HPOS="1743"
                    VPOS="3889"
                    WIDTH="1322"
                    HEIGHT="94"></String>
          </TextLine>

          
          
          <TextLine ID="eSc_line_b6675407"
                    TAGREFS="LT1723"
                    BASELINE="1751 4022 3071 4022" 
                    HPOS="1751"
                    VPOS="3975"
                    WIDTH="1320"
                    HEIGHT="87">
            <Shape><Polygon POINTS="1751 4022 1751 4048 2004 4048 2033 4062 2036 4062 2038 4062 2242 4048 2995 4062 2997 4062 3071 4046 3071 4022 3068 3975 1751 3975 1751 4022"/></Shape>
	    <String CONTENT="ne sadona nule de lui respondre. anchois fissent"
                    HPOS="1751"
                    VPOS="3975"
                    WIDTH="1320"
                    HEIGHT="87"></String>
          </TextLine>

          
          
          <TextLine ID="eSc_line_4fef1959"
                    TAGREFS="LT1723"
                    BASELINE="1751 4088 3037 4103" 
                    HPOS="1748"
                    VPOS="4038"
                    WIDTH="1289"
                    HEIGHT="99">
            <Shape><Polygon POINTS="1751 4088 1748 4103 1965 4127 1968 4127 1970 4127 1973 4127 1989 4114 2064 4127 2067 4127 2070 4127 2072 4127 2093 4111 2096 4111 2171 4111 2187 4114 2255 4129 2258 4129 2347 4116 2373 4114 2401 4119 2480 4132 2483 4132 2556 4122 2592 4116 2692 4116 2697 4124 2707 4132 2707 4135 2710 4135 2713 4135 2715 4135 2796 4127 2838 4122 2861 4127 2898 4137 2901 4137 2903 4137 3034 4129 3037 4103 3034 4056 1751 4038 1751 4088"/></Shape>
	    <String CONTENT="ausi que ṭọ tuites leuissent en mlt̾ gnͣt despit."
                    HPOS="1748"
                    VPOS="4038"
                    WIDTH="1289"
                    HEIGHT="99"></String>
          </TextLine>

          
          
          <TextLine ID="eSc_line_7ed75275"
                    TAGREFS="LT1723"
                    BASELINE="1757 4171 3076 4166" 
                    HPOS="1751"
                    VPOS="4094"
                    WIDTH="1321"
                    HEIGHT="180">
            <Shape><Polygon POINTS="3056 4110 1841 4094 1838 4094 1834 4094 1751 4114 1755 4169 1755 4267 1936 4274 1939 4274 1943 4274 1947 4274 1959 4267 2014 4235 2073 4235 2108 4267 2116 4270 2116 4274 2120 4274 2124 4274 2128 4274 2194 4263 2371 4235 2680 4235 2731 4259 2759 4274 2762 4274 2766 4274 3068 4255 3072 4165 3068 4161 3056 4110"/></Shape>
	    <String CONTENT="¶ Lors qnͣt Iosias uoit ce si eut gnͣt m̾ueille pͬ coi"
                    HPOS="1751"
                    VPOS="4094"
                    WIDTH="1321"
                    HEIGHT="180"></String>
          </TextLine>

          
        </TextBlock>
        
        <TextBlock HPOS="203"
                   VPOS="991"
                   WIDTH="182"
                   HEIGHT="188"
                   ID="eSc_textblock_34a242fa"
                   TAGREFS="BT5166">
          <Shape><Polygon POINTS="352 1034 385 1106 239 1179 248 1112 203 1061 235 1051 276 991 307 1008"/></Shape>
          
        </TextBlock>
        
        <TextBlock HPOS="1682"
                   VPOS="1577"
                   WIDTH="311"
                   HEIGHT="332"
                   ID="eSc_textblock_45bc608f"
                   TAGREFS="BT5166">
          <Shape><Polygon POINTS="1910 1588 1993 1635 1973 1867 1931 1909 1819 1899 1682 1877 1698 1608 1821 1577"/></Shape>
          
        </TextBlock>
        
        <TextBlock HPOS="3164"
                   VPOS="132"
                   WIDTH="170"
                   HEIGHT="115"
                   ID="eSc_textblock_20bda141"
                   TAGREFS="BT8505">
          <Shape><Polygon POINTS="3164 132 3164 247 3334 247 3334 132"/></Shape>
          
        </TextBlock>
        

        
      </PrintSpace>
    </Page>
  </Layout>
</alto>
