3379 4680
312 156 1313 117 tres iaunes ⁊ li tiers indes. Il vĩrent cele ꝑt ⁊ tro

309 247 1350 104 uerent qͥl auoit a chascũ huis du pauillõ .i. fier liuõ

304 330 1337 104 ⁊ orguilloꝰ atachie a vne groisse chaĩne de fier qͥ lõ

293 403 1337 88 gue estoit ⁊ a ce misse q̃ nus ne peuist entrer el pa

296 470 1311 112 uillõ: q̃ ce ne fust ꝑmi aus. Qnͣt ce piercuit me

296 551 1366 101 sire mard̾. il mist maĩtenãt piet a tiere ⁊ ne fait mi

288 629 1322 93 e samblat quil veille mie q̃ li liuon puist son che

288 694 1340 86 ual deuorer. anchois se mist vias au p̾mier qͥl encotͣ.

291 761 1324 104 ⁊ seut la manere de lochire le liuon: si eut plꝰ

283 829 1337 104 tost fait com fust venut a laut̾ pauillõ. Car maĩ

278 899 1360 104 tenant de plaĩne venue li lanca lespiel parmi le corᷤ.

278 964 1332 104 Il rec̣ḥạc̣ạsacha son espiel ⁊ le resã illuech a lierbe

280 1042 1314 99 ⁊ puis entra el pauillõ ⁊ ni a rien troue. fors vne

273 1115 1339 101 trop biele couche qui estoit couierte dũ ml̾t rich̾ sa

424 1185 1180 117 aĩtenãt est hors issu ⁊ vĩt a laut̾ ¶ mis v̾miel.

358 1279 1233 86 ⁊ ce qͥl fist dou premier fist il dou secõt. ⁊ ne

257 1357 1337 99 traua niẽt plꝰ en celui qͥl fist el p̾mier. lors revint

265 1427 1308 86 au tierch ⁊ si rocist le liuon ⁊ entra el pauillon. si

260 1497 1339 107 troua vne trop biele dame qͥ se gisoit toute nue en

254 1583 1332 96 .i. trop riche lit couiert dũ couuretour de menꝰ

254 1643 1306 119 vairs ⁊ cele si se dormoit si fort qͥl li fu auis q̃lle

249 1721 1368 104 fust morte Maitenãt mesire mardoceus issi

249 1786 1340 114 du pauillõ ⁊ vint au ch̾r qui encore fu sor sõ

244 1866 1347 91 cheual ⁊ dist. Biau sire dites moi vr̃e non car ie

244 1944 1353 91 cuit que ie vꝰ aport bones noueles. Sire dist il iai

244 2015 1347 96 non panchiers du chastiel reont. Biau sire pan

236 2082 1368 107 chier dist mesire .mͣ. Il couient que vos descẽdes.

241 2155 1337 101 ⁊ voiies une dame qͥ siet ⁊ dort en cest pauillon:

234 2230 1355 94 sauoir mon se ce celle que vꝰ demandes. cil cuida

234 2298 1373 91 maĩtenat descendre. mais il nẽ ot pooir sãs lui ai

234 2373 1347 99 dier. Dont li aida .mͣ. ⁊ il vint el pauillõ ⁊ si co

236 2444 1316 106 nut sa feme qͥ si fort dormoit come desus est dit.

236 2516 1355 94 Qnͣt cil leut choisie il sest aclines iouste li ⁊ si dist

228 2605 1319 88 douce amie dormes vos. vees moi ci panchier

223 2659 1311 112 vr̃e signor qͥ vos vient cuerre. Celle dormoit si

221 2743 1339 109 entirement fort. quelle ne lentẽti ne oi: ⁊ qnͣt

218 2813 1337 117 ce vit ce: si le prist ꝑ le bras ⁊ si lesvilla vausist: v

215 2893 1335 102 non Maĩtenant q̃ celle vit les .ii. ch̾rs si dist. A

215 2969 1317 112 voi: biau signeur q̃ male honte puissie vꝰ a

215 3042 1376 98 uoir si ares vos fallir ni poues vꝰ mie en prochaĩ

213 3120 1337 96 tierme. cõ ꝑ aues fait tres gnͣt outrage de chaiens

205 3174 1363 112 entrer en teil maniere q̃ por moi esuillier ⁊ si cuit

195 3255 1326 106 q̃ vꝰ aiies le liuon mon signor ochis. ha: dame

200 3328 1321 101 dist panchiers m̾ci. ia ne vees vꝰ que ie sui li vr̃e

195 3398 1337 101 sire qͥ tant vꝰ aime ⁊ pour vr̃e sui a mort naures.

192 3458 1342 114 fii. dist elle come ie le harroie cuns si fais bobeliᷤ

189 3541 1285 106 euist onq̃s signorie sor teil dame come ie sui. ¶

182 3616 1337 107 Qnͣt .mͣ. oi celi qui si despitoit le ch̾r: si se pen

184 3676 1379 114 sa maĩtenãt quelle auoit .i. autre asaiie ⁊ lui.

184 3746 1348 109 samor dounee. Dont elle dist biau signeur issi

184 3814 1337 117 es la hors tant q̃ ie me soie leuee. car vilounie est

182 3889 1355 122 a chr diest̾ en chãb̾ a dame out̾ sõ gre. Elle d̾ voir sire

179 3962 1334 146 panchier dist mesire .mͣ. Issomes hors tant q̃ la da

1784 171 1353 133 me soit leuee ⁊ puis si para a nos sele veut. Il atãt

1776 254 1376 125 sont issu dou pauillõ ⁊ la dame si se leua au plꝰ isniel

1776 343 1316 112 lemẽt conques peut pour ce quelle veut plaire

1776 410 1327 104 a mõ signeur .mͣ. cui elle auoit veut trop biel io

1771 481 1350 117 ne ch̾r. Dont issi hors dou pauillõ viestie dune cote

1766 556 1363 120 de cendal inde si ot ausi com .i. cort mantiel de soie for

1768 629 1374 114 re a porfil diermine nus pies ⁊ deschauce dont li ar

1766 704 1350 96 tillon deuant parurent sor lierbe v̾doiãt qͥ nerent

1763 774 1355 104 mie mal honieste. anchois furent fĩ blanch ⁊ neit.

1755 852 1330 94 Si q̃ de fies en autre soushaucoit la cote a ce q̃on

1755 920 1340 107 veoit le piet tout nut deci a la chieuillete. ⁊ en pur

1750 980 1374 117 le chief galonee a .i. fil dor ⁊ li cheuiel qͥ furent sor

1755 1047 1384 123 dũ ploil formiant ⁊ gros. biel nes ⁊ d/r/oit sourcis rov

1750 1133 1332 91 ses ⁊ votis meton enforchie. Dens blans estrois

1755 1198 1358 133 ⁊ bñ asis. nes ⁊ sarres. leures v̾meilles .i. poi espe

1737 1279 1348 130 setes. le col lonch ⁊ blanc ⁊ gros. selonch mesure.

1740 1357 1402 122 color vꝰmeille come rose. le cors ademis ⁊ de tos mẽ

1742 1430 1363 127 bres porsiuans vĩt la dame hors del pauillõ ⁊ tro

1745 1515 1321 112 ua le liuõ ochis ⁊ dist. ore biau signeur il pert.

1742 1588 1160 99 bien. que v il na chat que sori si reuiele.

1893 1661 1207 112 ame dist .mͣ. sauue soit vr̃e grasce trop mal

1865 1729 1225 111 afiert a biele dame qͥ si tres biele bouche ⁊ si

1732 1807 1334 106 biaus menbres a cõ vꝰ aues de laidemẽt parler a

1732 1872 1347 124 ch̾r. ha: sire dist elle dont q̃l chose ai ie dit qͥ vꝰ

1737 1947 1335 112 desplaist. Dame dist il moi naues vꝰ dit chose

1732 2030 1373 107 qui me desplaise: mais a mon cõpaignõ ci endroit

1732 2095 1345 107 ne faites vꝰ mie droiture ce mest auis: qui est vꝰ

1732 2160 1342 122 maris ⁊ vꝰ le noiies deuant moi. Coment sire

1732 2236 1366 117 quest ce ore que vꝰ dites: q̃ ie sui feme a cest pav

1724 2308 1353 112 coue que ie ci voi. Dame dont dist panchiers

1724 2376 1361 122 que voiremẽt iestes vos moi quoi q̃ vꝰ dites. ã

1719 2457 1379 117 chois en faut ml̾t que ie ne soie vr̃e. miꝰ ameroie

1722 2527 1350 109 q̃ ie fusse tous iors poure ⁊ mẽdie aveuch mon

1714 2594 1360 125 signor qui ci est: que ie fusse roine aueuch .i. teil

1714 2675 1365 114 molĩ q̃ tu ies. Demaĩtenãt sest cil agenoullies

1714 2753 1350 120 deuant la dame ⁊ dist. ha: douce amie puis q̃nsi

1711 2828 1342 130 est q̃ ie dore en auant ai falli a vr̃e amor. Ie vos pͥ

1706 2906 1340 117 q̃ vꝰ me sachies cest tros de glaiue hors dou cors. ⁊

1706 2982 1350 109 puis si veil morir de vr̃e douce maĩ: qnͣt ie ne pꝰ

1701 3055 1358 114 viure. Ia ꝑ dieu dist elle iamaĩ ni meterai: mais

1698 3120 1316 111 ensi puissies vꝰ languir tous les iors de vr̃e vie.

1696 3192 1363 123 Qnͣt mesire .mͣ. vit q̃ la dame ꝑloit ꝑ teil afit:

1693 3270 1368 112 si dist a mõ signor panchier. Biau sire or vꝰ souf

1693 3338 1327 101 fres. car par celi foi que ie vꝰ aĩ. auant q̃ ie me

1690 3408 1363 115 depart de ci ie sarai liqueus ara plꝰ gnͣt droit a la

1685 3484 1358 117 dame v vꝰ v autres. Ml̾t me plaist biau sire dist la

1682 3567 1358 109 dame ia en veres a la verite. Or me dites dont fait

1682 3632 1343 122 .mͣ. v vr̃e signor sont: qͥ teil garde ont misses a vꝰ

1682 3697 1382 130 warder: q̃ sil nestoit a couardie nos seroit tor

1682 3770 1314 122 ne. vꝰ ẽ uenries ia aueuch nos vausisies v non

1677 3840 1348 109 Ml̾t me plairoit q̃ ie mẽ alaisse aueuch vꝰ d̾ elle. mais

1677 3920 1361 125 aveuc lui niroie ie ne tãt ne qnͣt. Ia dist il naroie fiãce

1677 3998 1369 141 qñ ꝓcaĩ tãs ne deuissies faire de moi ce q̃ vꝰ ore faiteᷤ de ceᷤ
