3449 4741
274 163 1356 145 este brilles. lors li caupa le chief mlt̾ pries des espau

266 279 1396 102 les ⁊ tout autresi fist il les autres .ii. ⁊ toutes furent pẽ

263 355 1402 100 dues autresi come les autres furent a larcõ de la siele

263 437 1386 100 du palefroi a la dame: car ensi le veut ele faire qnͣt

266 505 1380 95 mesire .mͣ. seut le couenãt dou p̾mier q̃lle ochist ⁊

263 582 1402 110 dou secõt. onq̃s iour de sa uie neut si gnͣt m̾ueille de

266 653 1399 110 chose que dame feist si desporueuemẽt ne qͥ tãt pe

271 724 1394 110 uist porter de porfit a ce q̃ chascũs puet sauoir qͥ le

279 790 1373 108 tout i vorroit penser. Et il tant i pẽsa qͥl en li mist sõ

284 863 1370 98 cuer ⁊ sa memoire vausist il v non. Dont se mi

284 932 1368 111 sẽt en lor chemĩ come cil qͥ encore auoiẽt gnͣt ior

287 1003 1375 119 nee a faire. Mais atãt se taist ore li contes diaꝰ a ꝑ

284 1079 1362 116 ler ⁊ si retorne a mon signor Iaphum ensi come iẽ

281 1172 1363 118 laissai a ꝑler q̃ les pucieles desus dites len menerẽt

287 1274 579 82 pris: parmi la citei.

474 1322 1207 108 R nos dist ici endroit cis cõtes q̃ qnͣt les pucie

466 1401 1172 105 le archieres eurent mõ signͬ Iaphꝰ retenu ⁊

461 1474 1204 93 il se rendi ioiausemẽt a elles. lors len ont me

297 1553 1368 111 ne cont̾val la citei voiant tout le peule qͥ tout cõme

295 1630 1364 103 cierẽt a faire chans sons ⁊ loenges enviers les diuᷤ

292 1704 1362 102 dou ciel. ⁊ disent. ha: biau signor loue ⁊ graciie ẽ

292 1772 1346 105 puissies vꝰ iestre. Car or pouons nos sauoir q̃ cil sõt

292 1843 1346 106 nei: ꝑ coi nos porõs venir a ꝑfaite ioie sen nos ne

289 1912 1349 108 demeure. li aut̾ redisoient sire bñ veõs a la bloie

292 1999 1360 110 puciele q̃ vꝰ aues cõquise q̃ li traitres faitrop est mis

297 2072 1368 108 a mort: ⁊ q̃ vꝰ aues vengie forre qͥ auoit este si amis

303 2151 1356 93 ⁊ si loiaus a la citei de ioie. li tierch redisent sire se

300 2233 1375 84 vꝰ ne releecies ma dame qͥ si est destorbee ⁊ courciee:

303 2291 1341 92 nos ne sauons qͥ faire le puist. li aut̾ redisoient se

300 2354 1357 113 nos auomes auq̃s de si fais cheual̾ no citeis seroit

297 2441 1365 98 miꝰ wardee. q̃le nait este deci a ore. Encore nos vẽ

297 2515 1355 108 ront autre ꝓcainemẽt disent li aucũ. En ces ꝑoles

300 2594 1338 103 ⁊ mlt̾ dautres vĩt mesire Iaphꝰ el plꝰ riche dongon

297 2665 1323 95 q̃ bouche doume porroit traitier ne dire. ⁊ pͬ ce qͥl

295 2739 1367 100 ne poroit iest̾ pẽse ne dit. folie mẽ feroit ent̾metre.

287 2818 1354 105 Nopͬqnͣt me couient a ce venir: q̃ les pucieles en

274 2889 1356 113 menerẽt mõ signͬ Iap̾. amõt el palais v la roine

292 2984 1352 84 estoit en se̾ chãb̾s teles q̃ deuise nẽ porroit iest̾ fai

295 3047 1349 100 te. la se seoit la dame en vne chaiiere haute ⁊ maĩ

297 3115 1352 90 te pluisour noble puciele entour soi. En ce qͥl vit la

295 3181 1375 100 roine en la chaiiere dor ⁊ de pieres presieuses. Cloche

292 3250 1349 95 tes qͥ invisibles estoient ẽ la chaiiere faites ⁊ mises

292 3321 1362 110 ꝑ le sens ⁊ ꝑ la v̾tut dou Noble clerc virgille. coumẽ

292 3397 1344 87 cierent a souner si melodieusemẽt q̃ la roine ⁊ ses

292 3476 1344 98 pucieles qͥ en ꝑfait courous estoiẽt saillirẽt sus

292 3542 1360 108 de ioie: ⁊ sent̾pͥsent maĩs a maĩs ⁊ ont fait vne no

303 3616 1346 116 ble charole entor la presieuse chaiiere ⁊ si repõdo

305 3697 1357 90 ient au chant ⁊ au sõ q̃ les clochetes disoient en te

305 3761 1376 113 il maniere q̃ ie vꝰ dirai. Bien vignẽt li meschĩ. Preu

303 3840 1333 110 cortois de faͬnch lĩ. qͥ ciaꝰ ont mis a fĩ: qͥ correcie nos

300 3906 1341 108 ont. ha: dius or penrõt fĩ. Bñ vignent li meschĩ.

292 3982 1336 118 Cil qͥ maĩt chief enclĩ. Ont fait tenir en brĩ. Ce

297 4058 983 127 les qui vengie. sont. bien. ⁊ cetera.

1910 173 1246 153 nsi chantoiẽt la roine ⁊ ses pucieles en respõ

1902 294 1222 93 dant ce q̃ les clochetes disoient ꝑ teil art come

1804 363 1344 103 desus est dit. Et qnͣt elles eurẽt cest vier chãte ⁊ ale

1804 434 1336 103 entor. les clochetes se teurent ⁊ la roine se rasist ẽ

1799 505 1346 116 sa chaiiere ⁊ pꝰ ses pucieles entor soi en sieges qͥ plꝰ

1799 582 1315 115 bas estoient q̃ cil en qͦi la roine seoit. Maĩtenant

1802 655 1309 119 vĩrent les pucieles archieres q̃ li une tenoit ꝑ la

1804 729 1315 116 maĩ mõ signor Iaph̾ ⁊ si le presenterẽt a la roine

1802 808 1359 87 en disãt dame ci vꝰ amenomes a faire vr̃e volente

1802 869 1312 113 Iaph̾ le fris. liques a vẽgie la mort de forre vre bõ

1789 953 1341 82 ami ⁊ a ochis faitrop vr̃e anemi ⁊ la bloie puciele

1802 1008 1338 103 deliuree de pourete. Atant vĩt la puciele a robe

1799 1085 1339 110 depanee ⁊ dist ma tres chi/e/re dame vees moi qui vꝰ

1802 1177 1328 103 fac relief par ceste tieste de mordreour qͥ mon

1804 1256 1357 97 chier frere ocist. de chastiel ioious ⁊ des apendã

1802 1330 1325 102 ces. ⁊ en recheues a signor mon tres chier ami. ⁊

1804 1398 1344 116 vr̃e ch̾r qͥ ci sest mis a faire vr̃e plaine volente. ha:

1802 1482 1367 103 sire Iaphꝰ li fris dist la roine sable bñ nꝰ õt tenut cõ

1804 1556 1318 113 uẽt li diu de ce qͥl nꝰ auoiẽt ꝓmis vꝰ ⁊ vꝰ cõpaignõs v

1802 1640 1346 95 qͥl soiẽt que vꝰ autãt de ioie puissies auoir come cil vꝰ

1804 1709 1352 87 õt ꝓmis qͥ ci vꝰ ont avoiie. ¶ Lors le reciut la roine

1810 1775 1335 92 a home ⁊ a chr̾ en lui met̾ les bras au col baisier en

1804 1851 1347 92 foi ⁊ en loiaute. ⁊ en ce les pucieles en auoiẽt menee

1804 1922 1344 111 la bloie puciele ⁊ si le ramenerẽt en poi deure aces

1807 2004 1328 100 mee de nobles acesmemẽs: variies /⁊/ richoises dedẽs

1810 2093 1317 66 de ꝑfaite biaute. ⁊ en ce elle vint deuãt la roine

1810 2146 1301 105 ⁊ elle le prist ꝑ la maĩ ⁊ Iaph̾ ꝑ laut̾ ⁊ dist. biau sire

1804 2215 1360 108 Iaphꝰ: vees ici ma chiere amie la bloie dou chastiel io

1802 2294 1338 92 ious: laq̃le li diu dou ciel vꝰ auoiẽt ꝓmise ⁊ ie mei

1804 2365 1352 89 me ne le vꝰ veil retolir anchois le vꝰ doinst ⁊ toute lo

1810 2438 1338 87 nor qͥ a li sapent. Dont nesteut faire demande de la

1812 2520 1315 98 ioie au ch̾r: car plꝰ en i ot qͥl ne fust mestiers a la cõ

1804 2586 1331 92 corde ne a la pais de ciaꝰ de coustãtinoble ⁊ de roume.

1804 2654 1355 93 Car autant qͥl li souĩt de ce qͥ onq̃s nauoit este. ne

1802 2726 1367 97 fist lui de ciaꝰ desus dis. Dont il auĩt q̃n celi eure ma

1799 2807 1362 113 ĩtenãt auant ce q̃ iaphꝰ euist la roine m̾ciie de la pu

1802 2905 1362 79 ciele: en recoumẽcierẽt les clochetes a souner en teil

1802 2963 1333 92 maniere elles auoiẽt fait deuant. lors se remisẽt

1802 3044 1359 98 a la charole ⁊ chanterẽt tuites ce deseure dit. ⁊ pꝰ qͣt

1799 3113 1360 84 ce fu fait: auant q̃ la roine fust rasise vint karadi

1794 3176 1367 103 ane dont ie auoie deuãt traitie. ⁊ amenoit mõ signͬ

1794 3247 1357 111 Iosias despaigne ꝑ la maĩ deuãt la roine ⁊ se misẽt

1786 3321 1354 105 a genos ⁊ dist. ha: chiere dame vees ichi Iosias qͥ li

1796 3387 1339 105 diu mauoiẽt ꝓmis. Icis si ma deliure ⁊ .ii. autres

1791 3468 1360 93 de nos pucieles de lorguillous de la prade. cui nos vꝰ a

1794 3537 1346 116 menomes pͥs o soi marsidoine pͥse sãs m̾ci qͥ vꝰ pucie

1791 3621 1347 105 les faisoit ensi traire apries li cõ vꝰ porreᷤ veoir. Qnͣ

1786 3705 1323 82 la roine vit Iosias ⁊ sa puciele karadiane. se li dou

1789 3776 1322 77 bla sa ioie ⁊ dist. ha: boineeuree ⁊ tu boĩseures.

1783 3842 1334 85 qnt li diu damͬ vꝰ a pͬuev ioie ⁊ honor a maĩtenir en

1781 3906 1325 92 sãble: sachies q̃ a m̾ueille me doit plaire. lors leua a

1781 3979 1336 100 mõt ⁊ si les ạ asãbla en teil maniere ꝯ il auoit fait

1783 4043 1318 142 a mõ signͬ Iaphꝰ ⁊ la bloie puciele: ⁊ qnͣt ce fu fait. li
