3400 4653
418 157 1283 109 cief dist sicorꝰ vꝰ nires mie la ius: car ie me douteroie

431 237 1252 93 q̃ la demouree ne fust tpͦ lõge. vraiem̃t dist la pu

418 320 1298 93 ciele: il ne vꝰ en couiẽt ia douter. ha: puciele d̾ kan̾:

393 385 1321 103 il nest mie sages qͥ ne doute. Ce q̃ lẽ puet faire seure

398 457 1292 98 mẽt ne doit on mie met̾ en auẽteͬ. lors vĩt la pucie

382 532 1321 98 le a lune feniest̾ de la tour ⁊ d̾ a la chastelaine. dame

387 612 1309 96 vꝰ pees bñ venir amõt car mesire le vieut. or ne

390 687 1290 88 ut mie cele qͥ feme estoit: le cuer si a li q̃elle peuist

387 759 1291 96 ce dire. q̃ la puciele qͥ le chastel̾ estoit: ne deist. Da

385 827 1318 98 me il mest auis q̃ iule fait ases poure chiere. vꝰ nires

395 899 1314 101 mie amõt se vꝰ mẽ crees. ia saues vꝰ comẽt il vꝰ a des

390 971 1316 94 fendu q̃ vꝰ ni aillies niẽt se il ne vꝰ i maĩne ꝑ le doi.

390 1039 1303 108 Damoisiele d̾ la chaste̾. or ne saues vꝰ q̃ vꝰ dites. ia i ai

385 1124 1290 106 ie envoie iulain ma puciele qͥ mapiele de ꝑ lui.

377 1202 1285 103 or puet auenir q̃ mesire piert au giu ꝑ coi il est

374 1274 1278 88 ensouniies ⁊ iule si nẽ est mie bn ꝑree si en fait

369 1346 1303 104 si pou̾ chiere ꝯ vꝰ vees. Dame dame dist celle au

364 1416 1277 111 tre chose i repuet auoir. vꝰ aues entẽdut q̃ ie vꝰ

367 1496 1287 101 ai dit: q̃ ie ai oi iet̾ ausi ꝯ .i. home viesti ẽ la ꝑfõs

359 1563 1280 93 riuiere. Se ce estoit ore mesire q̃ diries vꝰ. aiu

354 1631 1287 108 we diꝰ d̾ la chastelaine. q̃st ce q̃ vꝰ aues dit. or pͥmes i

356 1706 1290 93 wịeil ie al̾ pͬ sauoir la verite. Dõt secorca la dame

346 1773 1319 116 pͬ plꝰ tost venir amõt. ⁊ la puciele le pͥst ꝑ lũ des gerõᷤ

338 1856 1303 98 dou sorcot ⁊ dist comẽt dame iestes vꝰ hors dou sẽs

338 1923 1324 116 qͥ vꝰ cuide iet̾ ꝑ poĩs de dãgier ⁊ vꝰ q̃rres art ⁊ ẽgiẽ

336 2003 1342 98 de vꝰ i met̾ sãs raisõ. Sãs raisõ nest ce mie damoisie

330 2070 1306 101 le: se ie veil sauoir v mes sires est. atãt se mist la

330 2142 1311 122 chastelaine v̾s lẽt̾e de la tor ⁊ ne tͦua nul tourier ⁊

328 2220 1324 106 sicorꝰ qͥ auoit entẽdues lor paroles si fu apareillieᷤ

328 2310 1318 88 ⁊ dist. dame mlt̾ i faites ore .i. lõch traĩ de venir a

330 2362 1270 127 mõt v li chastelaĩs vꝰ mãde. Sire dist elle m̾ci:

330 2440 861 101 volentiers i vois ⁊ en vis le lais.

449 2515 1190 111 ame dist la puciele encore vꝰ ie q̃ vꝰ faites gnͣt

405 2600 1210 106 folie de laler deuãt ce q̃ vꝰ sacies v li tourier st̾.

315 2672 1311 119 Il sõt venut amõt dist sicorꝰ. Celle cui li cuers di

299 2750 1340 116 soit aucune chose demoura aual. ⁊ la dame qͥ mlt̾

315 2835 1311 109 engnͣs estoit de venir v li damoi̾ estoiẽt vĩt amõt v

310 2892 1321 114 elle ne vit mie de sõ signor: si fu mlt̾ abaubie ⁊ il

312 2975 1337 101 vĩrẽt li damoisiel a li ⁊ le cõioirẽt mlt̾ m̾ueilleu

315 3024 1319 119 semẽt ⁊ elle dist. ha: biau signor v est li chastel̾

318 3091 1352 111 qͥ me mãdoit. Dame dist dõt sicorꝰ vees ici le cha

312 3176 1322 109 st̾ de gom̾. qͥ eut la serour a vr̃e mari. Celle ꝑ sa

302 3244 1321 111 fausete fu morte ⁊ devoree ausi come ꝑ miracle

305 3311 1323 124 dũ liuõ. li vr̃e maris si nos a ci fait met̾ ẽ pͥsõ ⁊ nꝰ de

307 3383 1301 122 mãde la mort a sa serour dõt nꝰ ne sauomes ꝑl̾.

302 3458 1319 127 mais q̃ li chast̾ qͥ ci est nꝰ en a fait asauoir ce qͥl en est

297 3541 1349 119 auenut. Or auomes tãt fait q̃ nꝰ vos tenomes ca sus

294 3611 1321 116 ⁊ couiẽt q̃ vꝰ metes paine q̃ nꝰ pussomes de ci ꝑtir

294 3681 1342 113 saĩ ⁊ sauf ⁊ ẽtier. v vꝰ couẽra p̾nd̾ teil fĩ come nos

297 3753 1360 119 meime ferõs. ha: biau signor dõt me dire vꝰ v mesi

292 3830 1357 117 re li chast̾ est. Dame dissẽt il: il na cha sus aut̾ chast̾

294 3895 1329 142 ꝯ cestui qͥ cha sꝰ vꝰ a mãdee. Comẽt biele amie iule

297 3978 1365 152 dist la dame ni aues vꝰ ci fait ven̾ ⁊ mesires ni esto

1838 139 1295 116 it mie. ha: tres douces abe dist li chastelaine. Ia ma

1838 240 1300 106 vies vꝰ bñ ꝓfetisie q̃ ie ne me meisse mie en dãgier

1835 317 1290 88 mais si sui faite ꝑ ma fole couoitise. ha: chiere dame

1830 392 1308 99 sousfres vꝰ mlt̾ vꝰ iert gͣdemẽt guredone ce q̃il vꝰ coui

1833 454 1267 94 ẽt faire ꝑ force. pͬ uos. car il est verite q̃ nꝰ auomes

1827 532 1260 106 entẽdut q̃ vr̃e sire nꝰ euist fait felonie se nous ne

1825 620 1026 93 uissiemes fait de lui ce q̃ nos auomes.

1939 695 1137 93 ont me dites fait la dame ce q̃ vꝰ en aues fait.

1861 747 1257 118 Dame d̾ sicorꝰ ne vꝰ vaut li celer. vr̃e sire boit en

1822 853 1324 69 cele reuiere laius sil puet v il ịnõ. car iauoie entẽdut

1820 899 1324 114 v il ꝯsilloit au chastel̾ qͥ ci est: q̃auãt q̃ nꝰ li escapissõs

1817 977 1327 106 il nos corceroit. En ce q̃ cil dist cesti chose. la dame pͬ hu

1815 1052 1334 111 manite ne se peut tenir q̃le ne paumast pluisors fois

1817 1137 1316 98 ⁊ a ce q̃le reuĩt ieta .i. crit ⁊ dist ha: vrais diꝰ come ta

1809 1209 1332 109 porueãce est oscure q̃ tu a chascũ as otͦiie. voiremẽt

1807 1287 1308 93 ne te pouoit nꝰ destorner ceste vilaĩne mort. Ne ce q̃

1804 1354 1327 101 mesire auoit cesci ꝓmis lor a il bñ falli ce mest avis.

1807 1426 1339 109 Dame d̾ kan̾ vr̃e diꝰ ne vꝰ puet aidier ⁊ il uꝰ si puet gͤv̾.

1799 1504 1355 103 ha: biau signͬ: se ie fai duel ie le doi bñ faire ⁊ vꝰ daut̾ ꝑt

1802 1574 1344 108 ioie. Car ie vꝰ seur q̃ ie auoie entẽdut de mõ signͬ q̃ dedẽs

1796 1644 1309 113 .iii. iors il euist fait a chascũ de vꝰ cͤuer le diest̾ oueil pͬ

1796 1726 1348 104 la uẽgãce de sa serour dõt il auoit eut maĩte reꝓce. Qtͣ

1791 1793 1347 114 li damoisiel entẽt ce dit: mlt̾ furẽt ioiãt selõch touteᷤ

1799 1874 1334 106 auẽtͬes. ⁊ si loerent nr̃e signor de noble sens doie qͥl

1799 1949 1308 106 auoit doune a lor fr̾e sicorꝰ pͬ coi il euissẽt este des

1794 2024 1334 103 honere illuech neuist este ce. la puciele qͥ en agait

1799 2091 1334 121 estoit. ausi come ie auoie touchie desꝰ: entẽdi sa da

1794 2173 1324 101 me qͥ ieta .i. cͥt ausi come ie auoie dit. ⁊ acourut

1796 2246 1324 96 amont iusq̃s a luis ⁊ le tͦua fm̾e: si sẽ recorut aval ⁊

1791 2318 1329 104 comẽca a cͥer tiͣ tiͣ. ¶ lors qͣt cil de lostel oirẽt celi qͥ

1786 2388 1319 103 isi cͥoit: si st̾ sailli qͥ miꝰ miꝰ ⁊ õt enquis ce q̃ cestoit. ha:

1786 2463 1314 106 biau signͬ cil damoisiel de lasꝰ amõt õt mõ signor ocis ⁊

1791 2533 1316 119 ma dame mise ꝑ deuiers aꝰ. Dõt leua la noise ⁊ li hus ⁊

1789 2623 1357 109 cil dou chastiel i st̾ acourut a ars ⁊ a haches de toutes ma

1794 2703 1316 114 nieres darmeures. Mais li damoisiel qͥ ioine estoiẽt

1784 2794 1308 90 ⁊ qͥ furẽt tout nut darmeures ne sabaubirẽt mie

1784 2859 1326 103 mlt̾ au chosse missẽt as feniest̾s pͬ aus desfẽd̾: qͣt la

1784 2936 1321 93 chastelaine les sacha arriere ⁊ dist. Ne vꝰ faites ore

1784 2993 1329 101 mie ochire sans raisõ biau signͬ car cha sꝰ naues vꝰ

1786 3060 1334 91 gͣde dasaut q̃ ie cuit q̃õ vꝰ sace faire se il ne me veul

1781 3125 1313 106 lẽt ocire. Dõt vĩt la dame as feniest̾ ⁊ dist. mait

1781 3192 1332 119 nus de vꝰ qͥ cha sꝰ face asaut se il ne me vieut ocirre.

1776 3275 1360 113 Anchois envoiies a mõ signor le roi de hongͥe: ⁊ li fai

1781 3347 1337 116 tes asauoir q̃ ci st̾ siergãt qͥ diẽt qͥ st̾ a lui ⁊ ont ci fai

1776 3425 1334 111 te vne chose qͥ doit iest̾ iugie ⁊ amẽdee ꝑ lui. Cil qͥ ce

1781 3500 1350 111 oirẽt sõt arriere trait ⁊ noserẽt puis asaillir a la tor

1778 3577 1337 116 ⁊ .i. siergãs eschuier au chast̾ vĩt ⁊ apiela de plui

1773 3655 1319 111 sors ⁊ dist. biau signor voirs est q̃ ie ne lo mie q̃ uꝰ

1773 3727 1342 106 soit si hardis pꝰ q̃ ma dame la desfedut q̃ nus asaille:

1778 3797 1332 114 mais q̃ nꝰ nen puist issir. qͥl ne soit tenꝰ ⁊ pris. ce vꝰ gͣ

1778 3882 1347 101 des ci ie meime irai a mõ signor de pͥncefuel qͥ fr̾e est

1781 3955 1308 113 a mõ signͬ ⁊ si ouuera on ꝑ sõ ꝯseil. Cascũs sest a ce

1781 4040 1329 119 acordes ⁊ sest atãt dilluͤch ꝑtis. ⁊ li gnͣs multitude
