3377 4687
406 208 1334 153 ne mait dist cil. se pͬ ce ne di ie ore: q̃ ce me sãbla vne

406 294 1329 133 maniere de flaterie. Tout ausi come di me tu. vꝰ iesteꝰ

396 364 1347 146 gentiꝰ hõ ⁊ de noble afaire. ⁊ cil est vilais ⁊ mal acous

398 440 1326 145 tumes pẽsãs de mal afaire. Et iou ai dehe dist li chast̾

401 523 1326 143 q̃ ie ne cuit mie q̃ li liuons sournoiast mie de ml̾t. En

401 611 1337 133 ne cuidies vꝰ bñ cou dist li escuhiers. Ꝑ mon chief dist

403 687 1337 146 il pꝰ q̃ tu ce aspense ie le cuit. ¶ Ensi sont venut tot

406 775 1313 136 deꝑlãt deci a loisteil ⁊ li chastelaine estoit en agait

409 856 1347 130 pͬ oir nouieles. Si fist ausi come ele ne seuist mie dõt

416 924 1275 135 il venoiẽt si dist. Sire il me samble q̃ vꝰ soiies ausi

406 997 1334 133 come toꝰ lasses. dõt venes vꝰ issi a piet. Dame dist il:

409 1075 1342 127 il couiẽt q̃ vꝰ le sachies. lors le pͥst ꝑ la maĩ ⁊ le mena-

401 1143 1316 151 en sa chãb̾ se li dist. dame on vꝰ salue ꝑ moi: ⁊ si vꝰ en

396 1218 1370 138 voion ceste aumosniere. vne dame q̃ vꝰ ares ici endro-

383 1299 1310 135 it dedẽs .ii. iors. la chastelaine pͥst laumosniere si

390 1374 1361 141 le vit ⁊ seut q̃ cou estoit de louͣge dõt ele couoitoit

375 1450 1331 140 a sauoir qͥ fait lauoit ⁊ si dist en nõ diu sire pͬ cui amͬ

383 1538 1360 110 on le mẽvoie ait boine auẽture. ⁊ la dame ausi. Da-

383 1603 1297 120 me dame dist li chastelaĩs toꝰ iours dites vꝰ des vrẽs. ⁊

380 1666 1326 128 sachie q̃ se ie cuidasse q̃ vꝰ en deuissies tãt dire encore

372 1734 1329 138 leuissies vꝰ a auoir. ⁊ comẽt sire si ne me porrai ia

377 1817 1353 120 mile fois nier a vꝰ: q̃ ce ne soit .i. courous. dame dist

375 1885 1339 117 il: en cestui giu ne en vr̃e pẽsee. ne puet auoir se

343 1939 1418 136 destorbier nõ. Sire dist elle: or tenes vre aumosni-

375 2015 1376 133 ere. car iou nẽ ai mie mlt̾ afaire pꝰ q̃ vꝰ vꝰ courechies.

375 2085 1295 125 ⁊ bñ voi. q̃ se il ni auoit aucune chose q̃ vꝰ ne voles

367 2163 1331 120 mie q̃ ie sace: q̃ ia ensi ne ꝑries come vꝰ faites. A-

362 2236 1334 128 dõt se courecha li chast̾ ⁊ fu si hors dou sens qͥl hauca

354 2317 1391 130 la paume ⁊ douna la chastelaine vne paumee si gͣs:

370 2395 1373 125 q̃ bñ en peust on tenir .i. marchie de .x. mars. Si-

372 2468 1379 122 re dist elle fait aues vr̃e volẽte. ⁊ mlt̾ me doit despla-

338 2536 1384 130 ire ce q̃ pͬ autrui mesfait me deshonores. Dõt li redit

351 2622 1311 117 coure seule li chaste̾. qͣt vne puciele vĩt a tel poĩt ⁊

370 2689 1336 123 dist. ha: sire refraĩgnies vr̃e ire. car ml̾t est malorde

356 2762 1350 117 nee chose de lui issi courechier. damoisiele dist il ie nẽ

372 2830 1131 117 pꝰ mie de ml̾t. car ensi li plaist que ie le face.

461 2902 1286 128 nsi auĩt de la chastelaine qͥ onq̃s ne q̃roit fors ochoi

393 2968 1292 115 sõ de sõ signͬ destorber. ⁊ se pensa come cele en cui

362 3025 1316 136 li diaubles sestoit mis: q̃ mar lauoit se si rebatue il le

364 3116 1303 105 chourecheroit a chiertes. Dõt ne demoura q̃ li emp̾

367 3174 1334 117 ensi come iou auoie dit desus. atorna sa chosete ⁊ vĩt

370 3244 1289 120 enchies le chast̾ ⁊ le chastelaine. si p̾ueemẽt q̃ nꝰ ne le

364 3317 1321 117 seut fors il ⁊ ses escuhiers qͥ en auoit seu lafaire. Qnͣt

364 3390 1332 112 li emp̾ fu venꝰ. vne chãb̾ li fu ꝯsecͬe. en .i. gardĩ ensus

362 3450 1292 125 de la sale ⁊ des chãb̾s a le chastelaine ⁊ au chast̾. Illuech

351 3528 1347 122 furẽt ml̾t pͥueemẽt. ⁊ fu deffẽdu a lescḥuhier ⁊ a .i. gͣt õ

367 3598 1329 125 cui il le couĩt sauoir q̃ nꝰ nẽ feist mẽsiõ q̃il fussẽt laiẽs.

367 3663 1277 128 Li emp̾ qͥ mie ne volt sousfrir q̃il fust .i. ior sãs labeur

372 3736 1308 130 pͥst ꝯgiet a ses maist̾s en cui ouuͣge il auoit este. ⁊ dist qͥl

367 3799 1295 130 li couenoit enchies lui .i. poi labourer. Mlt̾ anieuse-

351 3864 1353 148 mẽt ⁊ a envis lõt fait ⁊ toutes eures ne li vorrẽt il esꝯdire.

349 3937 1342 140 ⁊ il en vĩt a sõ rechiet o lui pluisors ouuriers ⁊ comẽcierẽt

341 4004 1318 206 a faire vne fortereche. de fosse ⁊ de palis. si fors q̃ nꝰ ni-

1889 291 1206 130 passast iamais. Tandis q̃on ouuroit a ce faire la chast

1889 354 1209 138 auoit mis son adru a raisõ ou il auoiẽt este le iour qͥl fu??

1886 429 1240 143 enchies lemp̾. Ma t̾s chiere dame m̾ci. ie me doute q̃ se io

1889 494 1243 156 vꝰ di verite. q̃ vꝰ ne vꝰ desroies si. q̃on ne truist en vꝰ sos

1886 578 1253 148 ne riue. Ia de ce ne doutes. mais q̃ ie puisse auoir vraie

1886 650 1277 165 colour de ce q̃ ie sache: ie ne veil aut̾ chose. Ie ne sai dist

1886 736 1246 157 cil q̃l a aut̾ color vꝰ voles auoir: car chaiens est cele

1886 830 1259 138 q̃ mesire i a fait venir pͬ miꝰ aꝯplir sa volẽte. Or i ꝑ-

1883 919 1272 114 ra comẽt vꝰ en pores miꝰ ouurer pͬ plꝰ malitiosemẽt

1865 981 1246 123 sauoir la pure verite. ¶ Comẽt fastre dist la

1881 1067 1290 112 chastelaine dis tu. q̃ la chãlãde a mõ signor est chaiẽs.

1881 1130 1287 125 pͬ cui iou ai este batue. Ma dame pͬ diu m̾ci. Ie ne di mie

1865 1205 1269 125 q̃ele soit chãlade. anchois vꝰ iur sor la foi q̃ iou ai a vꝰ qͥ

1852 1275 1319 123 ma chiere dame iestes. q̃ iou aĩch iour de ma uie: ie ne

1878 1354 1293 125 vi dame qͥ miꝰ sãblast iest̾ de boĩ liu iest̾ venue ꝯme elle

1870 1426 1303 131 fait. ⁊ de biaute comẽt va ses afaires. de la biaute dist

1876 1510 1308 127 cil ne vos sares q̃ dire: fors ce q̃ de sõ ae il a passe touteᷤ

1878 1580 1303 128 les dames de tes paiis. come cele qͥ na mie plꝰ de .xl. ãs

1873 1661 1316 104 cou nest mie de gnͣt ae dist la chastela̾. ⁊ or me diteᷤ.

1870 1713 1293 125 en q̃il liu ele est chaiẽs. Dame dist cil dune chose

1870 1781 1269 117 soiies ausi chiertaĩne q̃ de la mort. q̃l nest hõ qͥ viue

1870 1864 1306 114 ne feme sil venoit en liu ou la dame fust: ⁊ il li voloit

1868 1921 1305 125 aut̾ chose q̃ toute honor q̃ maĩtenãt ne fust devo-

1868 1994 1261 104 res dũ liuon qͥ est aueuc la dame. Or me sãble dist

1868 2054 1292 130 la chast̾. q̃ tu me trusfes. Dame dist cil ie les ai ꝑ vrai

1860 2137 1287 110 esperimẽt. lors li ꝯta comẽt il euist este deuores em-

1857 2197 1280 128 chies lemp̾. qnt il i fu isi ꝯ il est ꝯte de deuãt. Qnͣt

1852 2273 1272 122 la chastel̾. eut cou entẽdu si eut mlt̾ gnͣt doute dou

1842 2346 1277 132 liuõ q̃ se elle venoit en liu ou il fust dõt seroit elle

1852 2426 1298 133 bñ deuoree selonc cou q̃elle ne pouroit amer fe-

1839 2499 1280 130 me q̃ele seuist q̃ ses sire amast nuilli. Nonpͬqnͣt

1834 2580 1316 122 a ele tãt enqͥs ⁊ fait: q̃elle seut ou lemp̾ estoit si sa-

1856 2640 1290 129 uisa dune chose q̃ forche ne guiers au roi dieruet ni

1852 2721 1303 127 vauroit rien: mais ꝑ mallisse ⁊ ouurer de tiͣsõ pou-

1850 2801 1336 112 roit elle venir a cou q̃elle couoitoit. Atãt vĩt o li chas-

1850 2856 1297 122 telaĩs estoit se li ieta .i. faꝰ ris. ⁊ pꝰ li ieta les bras au col

1839 2934 1303 122 ⁊ dist metes ca maumosniere. car ie cuit vraiemẽt

1839 3007 1303 120 q̃ iou euc hier soir la paume de mẽ droit. ha: loues en-

1847 3059 1290 128 soit li diꝰ rois de ꝑadis qͣt vꝰ couissies vr̃e folie. ha: sire

1840 3132 1310 117 dist la chast̾: ie vꝰ aime tãt qͥl me sãble q̃ ie vꝰ piert tou-

1844 3202 1282 130 tes les fois q̃ ie ne sai ou vꝰ ales ne ou uos venes. Dame

1813 3273 1300 117 dame dist li chast̾. cou nest mie amͣt anchois la doit

1847 3335 1305 135 on tenir a haine. ꝑ diu sire dist elle ie le counois. Maiᷤ

1847 3411 1243 132 ensi mẽ a dius dounee la gͣsce q̃ ie nẽ ai pau aut̾

1839 3470 1248 152 chose faire. si mẽ repõt ⁊ lamẽderai dore en auãt.

1831 3543 1295 144 Si me rẽdes mamosniere se vꝰ ne le voles detenir

1808 3627 1342 130 pͬ lamͬ de celi qͥ cou fu. Et encore sire dist elle ne vꝰ cou-

1808 3697 1324 133 rechies mie. car ie le di pͬ lamͬ de celui q̃ ie veil q̃ vꝰ le

1790 3765 1365 133 me rẽdes. Dame dist il ml̾t volẽtiers ie ferai mais

1797 3851 1335 106 il couẽra q̃ vꝰ li rẽuoies de vꝰ iuiaꝰ arriere. Comẽt-

1787 3905 1386 125 sire ia ne doit elle chaiẽs venir. Ꝑ ma foi dame bñ eui-

1792 3978 1363 133 st aferut q̃ sor teis ꝑoles leuisse fat venir. Sire dist elle

1818 4054 1319 138 m̾ci de cou q̃ iai mespͥs ⁊ iẽ ferai lamẽde a vr̃e deuis.
