3364 4671
288 233 1248 140 lamẽde dist il en iert gnͣde de qle eure q̃ vꝰ i rechees. ⁊ ie

285 332 1269 109 loitroi dist elle. Mais il couiẽt q̃ele vigne chaiẽs. ou il me

277 397 1277 109 couẽra aler ou ele est. Dame dist li chast̾. il couiẽt

280 469 1235 114 q̃on vꝰ acoĩte .i. poi de leur afaire auãt q̃ vꝰ nẽ sachies

285 547 1246 125 el q̃ ie cuit q̃ vꝰ nẽ sachies. Dõt len dist vne ꝑtie ausi ꝯ

277 627 1238 115 il lauoit acoĩtie a son siergãt. mais onq̃s tãt ni seut

275 713 1279 119 niẽt de coulor de boĩne raisõ q̃ele ne qͥdast qͥ tout fust

272 812 1256 83 couu̾ture. Mais ꝑ sõ atͣit ẽ mist a pais le chast̾e. Que

267 879 1282 99 vꝰ iroie ore plꝰ atargãt. conoist̾ li couĩt q̃ la dame esto-

275 947 1277 96 it laiens venue ausi come iou ai dit deseus. Mais ne

269 1025 1252 101 pouoit nꝰ ꝑler a la dame se ses sire nestoit p̾sens ⁊ pͬ

269 1095 1257 114 le liuõ qͥ en garde lauoit. car il ne fust nꝰ qͥ se il euist

269 1170 1288 98 nule male volẽte enviers li: q̃ maĩtenãt il ne deuor-

269 1248 1291 85 roit sil ert ensi q̃ ses sire naloit au deuãt. En nõ diu si-

254 1318 1272 101 re dõt ne sai iou q̃ dire se ie la voise. pͬ ce q̃ iou ai eue

243 1388 1332 114 vne fole pensee. ꝑ coi il len soi remist issi come vꝰ saues.

259 1473 1313 102 Dame dist il: se vꝰ i aues eu mͣle pẽsee. si en meteᷤ vr̃e

254 1559 1303 83 cuer a pais. car ie tiẽg a miracle de diu. cesti chose ꝯ-

264 1616 1296 99 me la plꝰ noble chose dõt iou onq̃s mais ai oi ꝑler. Si-

259 1681 1277 88 re voire dist la dame: mais vne chose i puet auoir

256 1743 1275 109 q̃ ie vꝰ dirai. Il ne sẽsuit mie q̃ se li liuõs se muet ꝯt̾

256 1821 1259 88 moi por ce qͥl ne me conoist mie. q̃ ie pͬ cou vausisse

259 1894 1301 88 nul mal a la dame ne a sõ signor. Dame dist il ie le cu-

262 1972 1266 91 it auoir ꝓue ꝑ fast̾ vr̃e siergãt. q̃ pͬ ce q̃ ie sai ⁊ croi

262 2029 1285 93 qͥl auoit male pensee enviers ces gẽs il leuist devore

259 2088 1259 102 se on li euist laissie. ⁊ moi neuist il malmis ne fait

256 2156 1257 119 anchois se mist a mes pies qͣt ie viẽg a lui. En nõ diu

249 2229 1272 119 sire ie vꝰ oi ꝯter m̾ueille. Nonpͬqnͣt ie vos aseur q̃ ie

251 2306 1316 102 naroie iamais bñ: si en sarai le couenãt. mais il seroit

251 2387 1316 109 plꝰ gnͣs honͬs a moi ⁊ a uos: qͥl venissẽt a moi q̃ ie a aus.

254 2462 1318 107 Dame sauue soit vr̃e gͣsce. ie ne cuit mie q̃ se vꝰ sauies

251 2537 1316 107 q̃il sõt bñ. q̃ vꝰ ne fussies mlt̾ lie diaꝰ faire honor ⁊ cortoi-

236 2613 1349 114 sie. Sire pͬ ce q̃ ie cuit ⁊ sai: q̃ vꝰ counissies iaꝰ ⁊ lor lignie:

236 2691 1316 103 si feries vꝰ bñ: se vꝰ me vollies counoist̾ qͥ il sõt. ha: da-

238 2753 1322 111 me m̾ci. Ie vꝰ iur sor la foi q̃ ie vꝰ ai pleuie q̃ ie ne vꝰ em pꝰ

238 2820 1334 99 el dire q̃ vꝰ aues di. fors q̃ de tãt: q̃ iadis fui iouene en-

249 2893 1334 104 la tr̾e de galylee ou mes sires mes oncles me mena en-

246 2966 1329 101 vne guerre qͥ la fu dũ pͥce de bethsaide ⁊ dũ aut̾ de-

241 3030 1290 109 thyberiadis. la ne peut on ꝯcorde trouer fors q̃ ꝑ

241 3101 1339 101 le bataille de .ii. chr̾s. dõt ie vꝰ aseur q̃ cis hõ qͥ ci est venꝰ-

241 3171 1329 109 sarma encõt̾ le plꝰ redoute sarrasĩ qͥ fust en toute la su-

249 3241 1303 103 perior galylee. ⁊ la fu cil out̾s darmes ꝑ le cors de cestui:

243 3308 1306 117 q̃ vꝰ ore si poi pͥsies. sire dist elle: or le veil ie tãt pͥsier

246 3381 1280 114 q̃ ie me doute quil ne uos doie anuier puis que ie

246 3448 1301 112 sai quil est de teil valour ⁊ si ne cuit mie qͥl ne soit

249 3516 1292 132 de gͣt lignage ⁊ aueuc toute agͣt renomee puet on sa-

373 3594 1223 116 ame dist dõt li chast̾ en cesti ¶ uoir qͥl na mie failli.

368 3669 1207 114 louenge ne voi ge nule mal raisõ ⁊ bñ pores sa-

241 3739 1331 99 uoir encore la verite miꝰ q̃ vꝰ encore ne faites. atãt en õt

233 3809 1316 109 la ꝑole escorcie: si ne demoura mie q̃en pau deure vĩt

233 3874 1321 114 li emp̾. ⁊ le chast̾. vĩt a lui ⁊ li dist sire il couiẽt q̃ ma da-

231 3949 1329 117 me la chaste̾. voie ma Dam lẽꝑ. auãt q̃elle se deꝑte de-

228 4019 1321 153 chaiẽs. chast̾. dist li emp̃. pꝰ qͥl le couiẽt. nus ne puet

1697 199 1269 151 aler au deuãt. Sire dist il: ie nel di pͬ el q̃ vꝰ saues bñ q̃

1689 311 1290 109 plꝰ pͥueemẽt ne puẽt iest̾ ensãble. mlt̾ aues gnͣt tort

1694 381 1314 114 chast̾ dist li emp̾. sauue soie vre grasce: il vauroit ore

1684 459 1308 106 miꝰ aillors. car femes si sõt si m̾ueilleuses. q̃ tãt i aroit

1676 531 1309 117 ia de chieres qͥ nos empecheroiẽt: ꝯ vne fine m̾ueille.

1658 615 1324 114 ⁊ ie ne voroie souffrir pͬ riẽ q̃ li liuõs feist nului mal.

1679 703 1303 104 Sire dist il a vr̃e volonte. atãt repara li chastelaĩs

1689 788 1311 107 ⁊ la chaste̾. li vĩt a lẽꝯt̾ ⁊ dist cõ il me sãble q̃ vꝰ soiies es-

1666 864 1316 96 fraes. dame dist il iou nẽ pꝰ niẽt. car ie doute q̃ cil liuons

1687 934 1318 106 ne vꝰ face mal: qͥ a ce est acharnes come vꝰ aues oi. Voire:

1658 1014 1394 99 dist ele mlt̾ fõt ore gnͣt traĩ de cele dame voir. mal ai iov:

1656 1084 1357 99 se ie le veil niẽt voir. Dame dist il droit aues. car ausi

1663 1159 1316 104 vꝰ cousteroit elle de vꝰ iuiaꝰ aucũs dõt elle ne vꝰ costera

1653 1230 1355 96 nul. pͬ q̃ vos ne le verois. sire dist elle vꝰ aues voir dit.

1694 1305 1348 104 ¶ Mlt̾ cuida li chast̾. auoir mise a pais le chastelaĩne.

1663 1383 1345 96 mais nõ fust car en poi deure vĩt ⁊ manda fastre ⁊ li

1679 1453 1337 101 dist ensi q̃ li chast̾ li auoit fait entẽd̾. ⁊ q̃ sour toute fĩ

1674 1531 1344 103 elle voloit aler veoir cele dame comẽt qͥl alast. Da-

1697 1603 1319 94 me dist cil iou otͦi q̃ ie soie destruis: se vꝰ i ales q̃ li liu-

1676 1673 1350 89 ons vꝰ devorra. va dist elle fous. ie le verrai au dehors

1684 1733 1324 114 de la maisõ si couiẽt q̃ tu o moi vignes: dame dist il:

1694 1813 1304 96 ia de ce ne ꝑles. car se mesire le sauoit: iamais de

1697 1878 1303 91 moi cure naroit. ꝑ mon chief dist elle: tu ne vaus pie

1697 1951 1368 101 ne aut̾ oisiel. atant en vĩt en vne warde robe. la ẽdro-

1694 2016 1285 104 it aprestee ausi come elle vausist corre ⁊ si pͥst vne

1707 2086 1296 114 puciele o li ⁊ uĩt cele ꝑt ou elle sauoit q̃ li emp̾ estoit.

1705 2153 1293 117 lors vĩt a la maison ⁊ vit q̃ li emp̾ ⁊ lemꝑ seoiẽt au suꝑ

1697 2231 1326 107 li ṽs de iouste laut̾ ꝑ mlt̾ gnͣt signe damor. ⁊ tout ce vit

1710 2309 1308 99 elle ꝑ vne craie dune feniest̾. li liuõ sẽti la chast̾. ⁊ sail-

1702 2387 1293 99 li cele ꝑt ausi come toꝰ esragies. ⁊ cuda venir a celi pͬ soi.

1705 2470 1277 93 devoure. Qnͣt la chastel̾ oi ce: ne cuidies mie q̃elle

1689 2530 1353 111 oubliast ses talons. come cele qͥ ne cuist voie ne sẽtier

1710 2605 1316 106 mais ꝯ cheuros fuit en la lande: vĩt afuiãt a .i. fosse

1692 2678 1313 116 qͥ ꝑfõs ⁊ plaĩs estoit diauwe. cele qͥ goute ne /vit./ tume

1692 2755 1326 94 de la tieste auãt. ꝑ coi ele bust auãt q̃ li tallõs fussẽt moillie.

1832 2820 1178 104 elle qͥ ap̾s vĩt qͥ mie ne saseuroit: vĩt ausi come

1762 2885 1261 99 dius li volt aidier. sa dame qͥ ẽ li auwe ert che-

1679 2963 1350 91 ue si coumẽcha a crier harou fastres qͥ en agait es-

1671 3033 1358 99 toit: acourut cele ꝑt. ⁊ sailli apries sa dame en teil

1689 3106 1324 88 maniere cõ .i. diable les cuida au .ii. noiier. mais .i.

1661 3165 1342 89 aut̾s dist. tien coi. ⁊ si me lai couenir car ie lor ferai en-

1687 3233 1313 106 core piis faire. lors a cil aidie q̃ fast̾s enbraca la chast̾e.

1669 3295 1354 125 ⁊ lenporta hors ent̾s ses bras. ⁊ qñt elle fu hors si cuida

1666 3373 1306 109 cil q̃elle fust noiie ꝯ cele qͥ ne mouoit mẽb̾ q̃le euist.

1692 3440 1324 107 Dõt noserẽt faire noise ꝯ cil qͥ ꝑeuissẽt este honi se li

1671 3518 1350 107 chastelaĩs le seuist. Dõt cuidierẽt torner en fuies. qͣt cil

1676 3596 1319 107 fast̾s sẽti q̃ele nert mie morte. dõt fu auises: q̃il /li/ mist

1707 3664 1296 93 les raĩs amõt ⁊ le chief ꝯt̾ual ꝑ coi ele ieta li auwe hors

1697 3731 1306 96 de li ꝑmi la bouche. ⁊ reuĩt a li: en teil maniere q̃il fi-

1702 3806 1311 96 sẽt tãt q̃elle fu couchie ausi ꝯ elle euist aut̾ maladie. Il

1682 3863 1354 112 fu ia tart ⁊ tãs q̃on deut souꝑ ⁊ le mãda li chast̾. dit li fu

1707 3936 1353 114 q̃elle estoit deshaitie ⁊ il vĩt a li se li enqͥst q̃elle auoit. ⁊ ele

1710 4006 1345 164 dist. ha: mais hõ ꝯ vꝰ tost maries oublie se iou estoie morte.
