3404 4672
288 158 1327 132 dorus iert lasses ne poroit avoir a lui nus hom

285 254 1330 104 duree. ⁊ moi le couvient gaitier ⁊ le prenderai a

280 329 1332 114 point se iou onq̃s puis. Ensi avint q̃ dorꝰ aloit

277 404 1325 112 les gnͣs priesses cierkant. ⁊ ne quidies mie q̃

267 469 1355 127 li sien chr̾ fussent oiseus. Sacies de uoir q̃il non.

272 552 1332 112 Car li ꝯtes dist. qua pau pries. Ci auoit li vns a

272 638 1314 104 faire ausi ꝯ a aus .ii. mais dorꝰ qͥ ꝑ la batalle

267 705 1322 102 gardoit les siens. ⁊ confortoit en decoupant ⁊ a

267 781 1358 104 batant ses anemis. lor dounoit cuer ⁊ hardemẽt

267 848 1358 109 de faire cou quil faisoient. la gent au vasal enpor

267 924 1329 103 terent lor signour voiant .peliar̾. qui ꝯmanda

270 994 1347 109 q̃ li dus de pulle sabandounast. ⁊ il si fist ẽtalẽtius

267 1064 1332 114 de faire cheualerie. Si auint ken poi deure griu

264 1144 1327 114 en eurent le piour. Qnͣt mirus sest mis avant

264 1227 1332 99 lui ⁊ li sien qui ne furent mie a aprendre a qui

262 1300 1319 111 il deuoient avoir le tournoi. ancois trouvons el

264 1370 1319 106 ꝯte ki asses briement en parole. ⁊ ne puet mie

264 1432 1309 112 del tout raconter le fait de cascun. q̃ mirus ⁊ li siẽ

267 1518 1298 101 misent si au desous es premieres venues. le duc

267 1593 1293 104 de pulle ⁊ le marcis. quil en pau deure ne sortirent

264 1658 940 114 deci a lor gent ⁊ ont tiere pierdue.

405 1728 1191 120 Qnͣt ce uit .pel̾. si eut paour de son sort ⁊ ꝯmãda

407 1806 1184 117 q̃ li marcis de montir ⁊ li rois de sesile. se meis

264 1873 1301 138 sent a la batalle. Cil ki la force eurent le fisent si

262 1967 1285 114 aigrement q̃ bñ veoir le puet on. Car li marcis

262 2034 1298 122 ⁊ li sien estoient vne gent de tres aigre uiertut

267 2117 1298 112 ⁊ avoec tout cou il avoient eu proumesse de faire

267 2182 1303 112 bñ le besougne pour coi tuit se misent avant.

267 2260 1303 109 si q̃il i parut. Car li ꝯtes dist q̃ li marcis deseure

267 2320 1303 127 dis avoit coisi dorum v il avoit ocis .i. sien ami.

264 2400 1319 109 Il trestourne le diestrier sour coi il sist. ⁊ vint a lui

264 2468 1317 135 de si gnͣt rauine q̃ vosist v non li preus dorus. le

262 2546 1319 132 feri li marcis avant qͥl sen fust dounes regart.

259 2626 1301 114 .i. cop de si fort brac. quil andeus en guerpi les es

264 2704 1306 122 triers ⁊ saclina sour le col dou diestrier. si q̃avãt

264 2782 1291 125 qͥl les euist recouvres. li vint li marcis de si pries

264 2857 1317 127 q̃ vausist v non le mist ius a tiere dou cheual. Il

262 2932 1321 125 luec fu mis a piet li preus dorus ki ainc mais ior

264 3005 1340 127 de sa uie nauoit este mis a tiere pour cop qͥl receust.

262 3075 1321 125 ⁊ pour ce fu il si iries. q̃ la v il vit le marcis le cou

254 3148 1316 130 rut il sus ꝯme lions. ⁊ li pourfendi son diestrier

259 3221 556 114 deci ken la coraille.

420 3283 1137 127 i marcis qnͣt il se uit a piet iouste le preu

428 3358 1127 135 dorus si ne qͥdies ore mie q̃il sesmaiast si q̃

262 3423 1295 143 il ne li venist en sa presense. ⁊ la sentracoĩtierent

267 3514 1257 130 en tel maniere q̃ fable sambleroit dou dire. ⁊

267 3581 1290 133 longes dou recorder. dont il auint ken tel ma

264 3664 1306 125 niere lauoit dorus matet. qnͣt li marcis de fa

259 3737 1275 127 boune quiert en lagait de lui sousprendre.

257 3805 1285 132 li vint a demis. ⁊ nr̾e sire qͥ pitie avoit dou

251 3872 1338 138 loial ch̾r. li fist tant de remede. q̃il li envoia mi

251 3950 1278 132 rum en tel maniere. que a ce qͥl quida ferir

259 4017 1231 177 sour dorus. mirus li douna .i. cop si grant

1776 192 1290 145 qͥl labati dou ceual a tiere. Entre dorus ⁊ le mͣrcis.

1773 285 1301 122 Et qnͣt ce uit li uns ⁊ li autres. si furent ausi ꝯme

1776 358 1274 124 tout esbahi. Dont descendi mirus a piet ⁊ vint

1776 425 1264 143 au marcis de montir. ⁊ li dist en reproce. mal vos

1773 506 1257 124 est enꝯtre qnͣt vous onq̃s fustes si oses q̃ vous

1770 581 1278 132 au millour des bons vous osastes prendre. a che

1765 659 1278 122 mot saisi dorus le fabounois ⁊ mirus de mõtir

1760 731 1264 130 le marcis. ⁊ en fu faite diaus .ii. la deseuree. ⁊

1760 804 1275 132 sont mis dorus ou ceual de faboune. ⁊ mirus

1760 874 1296 130 el sien meisme. Ensi neussent eu garde nr̾e fnͣc

1763 942 1158 129 ch̾r mais q̃ li autre se fussent ensi prouve.

1908 1025 1145 119 nͣt fabounois ⁊ cil de montir seurent que

1903 1100 1119 119 leur signor furent ensi mis a mort. ml̾t

1752 1168 1285 132 furent abaubit ⁊ neurent cuer depuis bñ es

1747 1240 1290 125 ploitier. Atant ont livre les dos ⁊ cil les ont

1752 1321 1296 135 menes deci a lor gent. qui a ce ont recouvre q̃

1750 1393 1287 135 li quens de prisse. ⁊ li marcis de nequiapolis.

1750 1463 1298 143 meisme li estandars .pel̾. se st̾ ferut ẽtre gͥgois

1750 1544 1295 130 si a vne envaie. q̃ ml̾t en i eut docis ⁊ dafolles.

1747 1627 1288 119 Que vous iroie ore huimais delaiant tͦp aroie

1747 1702 1280 109 a retraire se ie tout en voloie ordenance dire.

1750 1762 1261 135 mais ie non: fors de tant q̃ des mius faisans

1747 1855 831 99 me couvient mension faire.

1885 1925 1129 117 n ce q̃ ie uous laissai ore a dire. vint karꝰ

1877 1993 1176 130 a la batalle. autresi fiers 9me cil ki nul ch̾r

1742 2060 1329 133 nenꝯtroit qͥl ne meist ius dou ceual mort v afole.

1737 2138 1285 122 Iosias a lautre fois reuint ki ml̾t gentemẽt si

1739 2216 1296 120 reprouva .hel̾. ki seut q̃ .pel̾. estoit a la batalle.

1739 2291 1327 117 ne ueut atargier q̃ tout autresi ꝯ hons sans me

1734 2356 1329 114 sure. ⁊ qui ne li caille qͥl deuiegne. feri le dies

1737 2432 1293 122 trier ꝑ an.ii. les costes si aigrement q̃ tuit cil

1734 2507 1303 130 ki entour lui furent en eurẽt gnͣt m̾uelle.

1737 2592 1254 107 ⁊ li ceuaus ki gnͣs ⁊ fors ⁊ rades estoit. ⁊ avoec

1734 2660 1301 114 tout cou li miudres dou monde. se mist a la voie.

1729 2735 1303 130 la u il le uolt ꝯduire en tel maniere q̃ tout cil ki

1729 2813 1303 130 voie ne li fissent peurent bñ mal enꝯtre faire

1724 2891 1324 106 Et qnͣt cil en qui il se fioit ont ce veut. si ne vo

1729 2961 1290 122 rent laissier quil ne li feissent siute. ⁊ cil ki a

1726 3036 1298 117 voit ou cors lardure dou honte ⁊ dou lait q̃on li

1721 3114 1327 99 faissoit. Sabandouna trop a cou q̃il estoit gaites

1718 3182 1304 98 des traitours ki le voloient sousprendre. Dont il

1721 3247 1306 119 auint q̃ qnͣt il uint entre ses anemis. q̃ tout en

1721 3324 1329 117 autel maniere coume li espreuiers qͥ se fiert en

1721 3392 1324 122 tre les menus oisellons ⁊ il le vont fuiant. au

1718 3467 1293 120 tresi li faisoient voie li plusior. ⁊ cil ki ꝯtre lui

1718 3542 1306 115 se metoient ni avoient duree. Si auint q̃ tuit

1718 3628 1283 96 li fisent voie tout la v il voloit aler. En cou

1716 3693 1303 117 q̃il se maintint en tel maniere esgarda .i. ch̾rs

1716 3771 1293 98 cestui afaire. ⁊ en vint au plus tost kil peut

1713 3849 1288 104 a mirum le fier ⁊ li dist. ha: sire tout avons

1711 3916 1280 96 pierdu se uous ne soucoures mon signour:

1703 3978 1277 117 Dont li ꝯta ꝯment li emꝑeres se maintint

1708 4051 1296 161 folement. Atãt guenci mirus celle ꝑt. ⁊ tͦua q̃
