<?xml version="1.0" encoding="UTF-8"?>
<alto xmlns:xsi="http://www.w3.org/2001/XMLSchema-instance"
      xmlns="http://www.loc.gov/standards/alto/ns-v4#"
      xsi:schemaLocation="http://www.loc.gov/standards/alto/ns-v4# http://www.loc.gov/standards/alto/v4/alto-4-2.xsd">
  <Description>
    <MeasurementUnit>pixel</MeasurementUnit>
    <sourceImageInformation>
      <fileName>52_f9a08_default.jpg</fileName>
      <fileIdentifier>https://gallica.bnf.fr/iiif/ark:/12148/btv1b10023851v/f53/full/full/0/default.jpg</fileIdentifier>
    </sourceImageInformation>
  </Description>
  
  <Tags>
    <OtherTag ID="BT5162" LABEL="MainZone" DESCRIPTION="block type MainZone"/><OtherTag ID="BT5166" LABEL="DropCapitalZone" DESCRIPTION="block type DropCapitalZone"/><OtherTag ID="BT5167" LABEL="MarginTextZone" DESCRIPTION="block type MarginTextZone"/><OtherTag ID="BT7824" LABEL="TitlePageZone" DESCRIPTION="block type TitlePageZone"/><OtherTag ID="BT7828" LABEL="DamageZone" DESCRIPTION="block type DamageZone"/><OtherTag ID="BT8484" LABEL="MainZone:column#1" DESCRIPTION="block type MainZone:column#1"/><OtherTag ID="BT8485" LABEL="MainZone:column#2" DESCRIPTION="block type MainZone:column#2"/><OtherTag ID="BT8488" LABEL="StampZone" DESCRIPTION="block type StampZone"/><OtherTag ID="BT8490" LABEL="TableZone" DESCRIPTION="block type TableZone"/><OtherTag ID="BT8491" LABEL="RunningTitleZone" DESCRIPTION="block type RunningTitleZone"/><OtherTag ID="BT8504" LABEL="NumberingZone:folio" DESCRIPTION="block type NumberingZone:folio"/><OtherTag ID="BT8505" LABEL="NumberingZone" DESCRIPTION="block type NumberingZone"/><OtherTag ID="BT8506" LABEL="QuireMarksZone" DESCRIPTION="block type QuireMarksZone"/><OtherTag ID="BT8507" LABEL="MusicZone" DESCRIPTION="block type MusicZone"/><OtherTag ID="BT8508" LABEL="Title" DESCRIPTION="block type Title"/><OtherTag ID="BT8509" LABEL="GraphicZone" DESCRIPTION="block type GraphicZone"/><OtherTag ID="BT8510" LABEL="text" DESCRIPTION="block type text"/>
    <OtherTag ID="LT1697" LABEL="default" DESCRIPTION="line type default"/><OtherTag ID="LT1723" LABEL="DefaultLine" DESCRIPTION="line type DefaultLine"/><OtherTag ID="LT2910" LABEL="InterlinearLine:addition" DESCRIPTION="line type InterlinearLine:addition"/><OtherTag ID="LT2911" LABEL="DropCapitalLine" DESCRIPTION="line type DropCapitalLine"/>
  </Tags>
  
  <Layout>
    <Page WIDTH="3446"
          HEIGHT="4690"
          PHYSICAL_IMG_NR="46"
          ID="eSc_dummypage_">
      <PrintSpace HPOS="0"
                  VPOS="0"
                  WIDTH="3446"
                  HEIGHT="4690">
        
        <TextBlock HPOS="1685"
                   VPOS="203"
                   WIDTH="1416"
                   HEIGHT="3998"
                   ID="eSc_textblock_e00f72f1"
                   TAGREFS="BT8485">
          <Shape><Polygon POINTS="3054 234 3101 281 3023 1876 3070 2231 2992 3017 3039 4170 2992 4201 1685 4170 1717 750 1803 203"/></Shape>
          
          
          <TextLine ID="eSc_line_8342e5c7"
                    
                    BASELINE="1777 276 3096 317" 
                    HPOS="1775"
                    VPOS="208"
                    WIDTH="1321"
                    HEIGHT="154">
            <Shape><Polygon POINTS="3081 278 3055 276 3028 276 3002 273 2976 270 2950 270 2924 268 2898 265 2872 265 2846 263 2820 260 2794 260 2773 257 2723 257 2710 252 2690 252 2664 250 2637 250 2611 247 2585 247 2559 244 2544 242 2528 247 2359 247 2327 237 2296 226 2273 226 2246 224 2233 221 2168 231 2113 237 2103 229 2087 216 2087 213 2085 213 2082 213 2080 213 2077 213 2038 226 2035 226 2033 226 2007 213 2004 213 2001 213 1999 213 1973 224 1965 226 1957 224 1928 208 1926 208 1923 208 1798 216 1780 239 1777 276 1775 312 1908 310 1926 323 1936 330 1939 330 1941 330 1944 330 1947 330 1949 330 1949 328 1957 323 1968 312 2095 312 2108 328 2108 330 2111 330 2111 333 2113 333 2116 333 2119 333 2121 333 2134 328 2166 317 2223 333 2228 333 2231 333 2233 333 2236 333 2239 333 2270 320 2338 336 2372 343 2645 351 2648 351 2650 351 2658 349 2677 338 2684 349 2690 351 2690 354 2692 354 2695 354 2929 362 2932 362 2935 362 2937 362 2937 359 2940 356 2958 343 3002 343 3091 362 3096 317 3094 278 3081 278"/></Shape>
	    <String CONTENT="q̃ se vꝰ poes repairier a moi q̃ vꝰ le facies. ⁊ ie uous"
                    HPOS="1775"
                    VPOS="208"
                    WIDTH="1321"
                    HEIGHT="154"></String>
          </TextLine>

          
          
          <TextLine ID="eSc_line_b46147b2"
                    
                    BASELINE="1777 351 3070 396" 
                    HPOS="1775"
                    VPOS="294"
                    WIDTH="1295"
                    HEIGHT="138">
            <Shape><Polygon POINTS="1777 351 1775 388 1850 377 1918 396 1928 398 1931 398 1934 398 1954 398 2074 385 2142 385 2155 403 2158 403 2158 406 2160 406 2163 406 2166 406 2192 403 2288 393 2312 409 2314 411 2317 411 2319 411 2322 411 2385 411 2593 403 2661 419 2690 424 2692 424 2695 424 2705 419 2726 411 2778 422 2807 427 2809 427 2812 427 2815 427 2817 424 2833 411 2851 424 2859 429 2862 429 2864 429 2867 432 3068 432 3070 396 3070 343 2992 328 2989 328 2987 328 2984 328 2968 338 2955 346 2846 346 2828 336 2820 328 2817 328 2815 328 2812 328 2809 328 2807 328 2802 333 2791 341 2705 341 2697 330 2684 320 2684 317 2682 317 2679 317 2677 317 2674 317 2671 317 2656 328 2643 336 2486 333 2471 323 2460 315 2458 315 2455 315 2452 315 2450 315 2421 323 2395 328 2364 320 2312 304 2309 304 2306 304 2254 315 2236 320 2213 315 2166 302 2163 302 2160 302 2158 302 2132 312 2119 317 2108 312 2085 297 2082 297 2080 297 1991 294 1988 294 1986 294 1954 307 1939 312 1777 302 1777 351"/></Shape>
	    <String CONTENT="iur con ch̾rs. q̃ ie uꝰ ferai signour de moy. mais q̃"
                    HPOS="1775"
                    VPOS="294"
                    WIDTH="1295"
                    HEIGHT="138"></String>
          </TextLine>

          
          
          <TextLine ID="eSc_line_93d44823"
                    
                    BASELINE="1777 427 3091 471" 
                    HPOS="1775"
                    VPOS="367"
                    WIDTH="1316"
                    HEIGHT="146">
            <Shape><Polygon POINTS="1777 427 1775 453 1874 474 1876 474 2030 466 2048 466 2054 466 2098 482 2100 482 2103 482 2106 482 2147 471 2163 469 2184 474 2246 487 2249 487 2293 479 2314 474 2345 482 2400 492 2403 492 2515 487 2624 484 2687 497 2726 502 2729 502 2765 500 2823 495 3086 513 3091 471 3086 409 3018 422 3002 409 3002 406 3000 406 2997 406 2995 406 2992 406 2953 419 2942 406 2940 406 2940 403 2937 403 2935 403 2932 403 2924 403 2864 416 2710 414 2687 398 2684 396 2682 396 2679 396 2677 396 2674 396 2666 398 2640 409 2434 403 2416 393 2400 385 2398 385 2395 385 2392 385 2369 393 2348 398 2335 390 2317 383 2314 383 2312 383 2228 388 2171 393 2168 388 2163 380 2160 380 2160 377 2158 377 2155 377 2153 377 2150 377 2127 388 2119 390 2111 385 2093 375 2090 375 2087 375 2085 375 2033 385 2009 388 1973 383 1855 367 1853 367 1777 377 1777 427"/></Shape>
	    <String CONTENT="ie pꝰsse de ceste batalle escaper en vie. Sire dist abilõ"
                    HPOS="1775"
                    VPOS="367"
                    WIDTH="1316"
                    HEIGHT="146"></String>
          </TextLine>

          
          
          <TextLine ID="eSc_line_f2821b7e"
                    
                    BASELINE="1772 500 3028 539" 
                    HPOS="1769"
                    VPOS="445"
                    WIDTH="1259"
                    HEIGHT="130">
            <Shape><Polygon POINTS="1772 500 1769 531 1788 544 1790 544 1793 544 2051 552 2054 552 2056 552 2103 539 2106 539 2116 539 2309 560 2312 560 2314 560 2348 547 2356 547 2379 549 2497 565 2499 565 2502 565 2504 565 2520 554 2525 552 2549 554 2632 570 2635 570 2729 562 2770 560 2778 565 2791 575 2794 575 2796 575 2799 575 3026 573 3028 539 3028 500 2656 474 2653 474 2650 474 2619 484 2604 469 2601 469 2598 469 2596 469 2528 482 2325 461 2322 461 1965 461 1936 448 1934 448 1931 448 1928 448 1926 448 1926 450 1913 461 1824 445 1822 445 1819 445 1772 458 1772 500"/></Shape>
	    <String CONTENT="ales ent au saint espir ⁊ ien ferai mon pooir."
                    HPOS="1769"
                    VPOS="445"
                    WIDTH="1259"
                    HEIGHT="130"></String>
          </TextLine>

          
          
          <TextLine ID="eSc_line_0a2f3564"
                    
                    BASELINE="1905 581 3055 617" 
                    HPOS="1902"
                    VPOS="523"
                    WIDTH="1153"
                    HEIGHT="133">
            <Shape><Polygon POINTS="1905 581 1902 604 2017 625 2020 625 2184 617 2228 617 2252 622 2314 635 2317 635 2319 635 2356 625 2364 625 2398 627 2512 640 2515 640 2518 640 2538 635 2559 627 2588 635 2609 643 2611 643 2614 643 2617 643 2627 638 2643 630 2718 630 2731 643 2736 648 2739 648 2742 648 3049 656 3055 617 3052 570 2940 554 2937 554 2830 562 2812 562 2807 562 2789 547 2786 547 2783 547 2781 547 2778 547 2742 557 2734 547 2731 547 2731 544 2729 544 2726 544 2723 544 2721 544 2695 557 2588 554 2567 554 2559 541 2557 541 2557 539 2554 539 2551 539 2549 539 2445 547 2403 534 2400 534 2398 534 2327 547 2317 547 2286 544 2072 523 2069 523 1905 531 1905 581"/></Shape>
	    <String CONTENT="tant se ꝑtirent li .i. de lautre. ⁊ dorus dist"
                    HPOS="1902"
                    VPOS="523"
                    WIDTH="1153"
                    HEIGHT="133"></String>
          </TextLine>

          
          
          <TextLine ID="eSc_line_78e6c005"
                    
                    BASELINE="1902 653 3086 695" 
                    HPOS="1900"
                    VPOS="601"
                    WIDTH="1186"
                    HEIGHT="133">
            <Shape><Polygon POINTS="1902 653 1900 685 3081 734 3086 695 3083 638 1902 601 1902 653"/></Shape>
	    <String CONTENT="qͥl voloit aler veoir ꝯment il estoit a sõ ceual"
                    HPOS="1900"
                    VPOS="601"
                    WIDTH="1186"
                    HEIGHT="133"></String>
          </TextLine>

          
          
          <TextLine ID="eSc_line_8b5f96a2"
                    
                    BASELINE="1741 737 3055 776" 
                    HPOS="1738"
                    VPOS="672"
                    WIDTH="1317"
                    HEIGHT="130">
            <Shape><Polygon POINTS="1741 703 1741 737 1738 773 3049 802 3055 776 3055 726 2882 721 2877 719 2841 698 2838 698 2836 698 2833 698 2794 713 2789 716 2643 713 2637 708 2614 690 2611 690 2609 690 2606 690 2604 690 2562 706 2557 706 2551 703 2499 687 2497 687 2494 687 2424 698 2398 703 2385 698 2353 682 2351 682 2348 682 2246 693 2228 693 2226 690 2215 682 2215 680 2213 680 2210 680 2207 680 2082 685 2007 687 1996 682 1981 672 1978 672 1975 672 1973 672 1970 672 1952 680 1936 687 1926 677 1918 672 1915 672 1913 672 1743 672 1741 703"/></Shape>
	    <String CONTENT="⁊ il li fu dit. qͥl estoit bñ aise ⁊ q̃ de ce ne li ꝯvint"
                    HPOS="1738"
                    VPOS="672"
                    WIDTH="1317"
                    HEIGHT="130"></String>
          </TextLine>

          
          
          <TextLine ID="eSc_line_1ebf5fc6"
                    
                    BASELINE="1764 802 3075 846" 
                    HPOS="1762"
                    VPOS="753"
                    WIDTH="1313"
                    HEIGHT="132">
            <Shape><Polygon POINTS="1764 802 1762 838 3070 885 3075 846 3073 789 2963 784 2961 784 2958 784 2955 784 2929 797 2849 797 2836 781 2833 781 2833 779 2830 779 2828 779 2825 779 2823 779 2815 781 2778 792 2658 776 2630 773 2627 773 2596 773 2484 781 2468 771 2463 766 2460 766 2458 766 2455 766 2452 766 2434 771 2398 779 2343 768 2306 760 1764 753 1764 802"/></Shape>
	    <String CONTENT="mie penser si fait dist il. En nul home ie ne mẽ fie"
                    HPOS="1762"
                    VPOS="753"
                    WIDTH="1313"
                    HEIGHT="132"></String>
          </TextLine>

          
          
          <TextLine ID="eSc_line_1f18fc11"
                    
                    BASELINE="1759 870 3049 919" 
                    HPOS="1756"
                    VPOS="818"
                    WIDTH="1293"
                    HEIGHT="127">
            <Shape><Polygon POINTS="1759 870 1756 893 1962 919 1965 919 2364 919 2385 935 2387 935 2390 935 2392 935 2395 935 2437 922 2572 943 2575 945 3047 945 3049 919 3049 867 2747 867 2729 857 2713 849 2710 849 2708 849 2611 852 2510 857 2471 849 2424 838 2421 838 2418 838 2416 838 2405 846 2392 852 2312 852 2306 844 2304 838 2301 838 2301 836 2299 836 2296 836 2293 836 2173 838 2100 841 2090 836 2067 825 2064 825 2061 825 1988 833 1965 836 1941 833 1863 818 1861 818 1759 825 1759 870"/></Shape>
	    <String CONTENT="roie si laroie couneut. Atant enuĩt en la salle"
                    HPOS="1756"
                    VPOS="818"
                    WIDTH="1293"
                    HEIGHT="127"></String>
          </TextLine>

          
          
          <TextLine ID="eSc_line_5382feea"
                    
                    BASELINE="1767 945 3049 987" 
                    HPOS="1764"
                    VPOS="898"
                    WIDTH="1285"
                    HEIGHT="128">
            <Shape><Polygon POINTS="1767 945 1764 971 1848 990 1850 990 2098 987 2160 987 2168 990 2181 1000 2184 1000 2186 1000 2189 1000 2228 992 2246 990 3044 1026 3049 987 3047 930 2888 938 2736 935 2729 922 2726 922 2726 919 2723 919 2721 919 2718 919 2692 919 2570 927 2484 914 2455 911 2452 911 2450 911 2439 914 2408 922 2296 909 2228 904 1767 898 1767 945"/></Shape>
	    <String CONTENT="dune cambre v il eurent soupe ⁊ vit .i. gnͣt ꝯsel"
                    HPOS="1764"
                    VPOS="898"
                    WIDTH="1285"
                    HEIGHT="128"></String>
          </TextLine>

          
          
          <TextLine ID="eSc_line_df3c2ed7"
                    
                    BASELINE="1764 1023 3049 1063" 
                    HPOS="1762"
                    VPOS="966"
                    WIDTH="1287"
                    HEIGHT="130">
            <Shape><Polygon POINTS="1764 1023 1762 1052 3044 1096 3049 1063 3049 1016 2963 997 2961 997 2833 1005 2796 1008 2768 1003 2690 990 2687 990 2588 997 2533 1000 2340 995 2330 987 2322 979 2319 979 2317 979 2314 979 2270 984 2226 990 2207 982 2186 974 2184 974 2181 974 2179 974 2160 979 2140 987 2124 979 2108 971 2106 971 2103 971 2100 971 2077 977 2048 984 2022 974 2004 969 2001 969 1999 969 1975 974 1936 982 1764 966 1764 1023"/></Shape>
	    <String CONTENT="de gent qͥ ensanble ꝑloient. Mais il fist ausi ke"
                    HPOS="1762"
                    VPOS="966"
                    WIDTH="1287"
                    HEIGHT="130"></String>
          </TextLine>

          
          
          <TextLine ID="eSc_line_aca71c5e"
                    
                    BASELINE="1756 1107 3041 1143" 
                    HPOS="1754"
                    VPOS="1044"
                    WIDTH="1287"
                    HEIGHT="136">
            <Shape><Polygon POINTS="1756 1107 1754 1141 3036 1180 3041 1143 3041 1086 2398 1078 2330 1070 2150 1055 2147 1055 2069 1065 2064 1065 2061 1065 2022 1050 2020 1050 2017 1050 1941 1063 1939 1063 1921 1047 1918 1047 1915 1047 1913 1047 1848 1060 1811 1044 1809 1044 1806 1044 1803 1044 1756 1057 1756 1107"/></Shape>
	    <String CONTENT="il ne len fust rien ⁊ vĩt en lestable si tͦua le ceual"
                    HPOS="1754"
                    VPOS="1044"
                    WIDTH="1287"
                    HEIGHT="136"></String>
          </TextLine>

          
          
          <TextLine ID="eSc_line_aca983b8"
                    
                    BASELINE="1762 1185 3057 1222" 
                    HPOS="1759"
                    VPOS="1125"
                    WIDTH="1298"
                    HEIGHT="133">
            <Shape><Polygon POINTS="1762 1185 1759 1206 1866 1224 1868 1224 1923 1214 1939 1227 1939 1229 1941 1229 1944 1229 1947 1229 2108 1219 2244 1237 2246 1237 2591 1235 2817 1253 2820 1253 2823 1253 2872 1240 2989 1258 2992 1258 3055 1242 3057 1222 3057 1175 2875 1154 2872 1154 2869 1154 2825 1164 2812 1167 2768 1162 2648 1149 2645 1149 2643 1149 2619 1156 2606 1162 2601 1156 2598 1151 2596 1151 2596 1149 2593 1149 2591 1149 2588 1149 2434 1149 2231 1151 2210 1141 2205 1138 2202 1138 2200 1138 2186 1141 2150 1149 2119 1138 2106 1133 2103 1133 1762 1125 1762 1185"/></Shape>
	    <String CONTENT="v sus il ert venus gisant ⁊ malade a sõ auis."
                    HPOS="1759"
                    VPOS="1125"
                    WIDTH="1298"
                    HEIGHT="133"></String>
          </TextLine>

          
          
          <TextLine ID="eSc_line_b07d6d5b"
                    
                    BASELINE="1746 1261 3028 1297" 
                    HPOS="1743"
                    VPOS="1198"
                    WIDTH="1285"
                    HEIGHT="130">
            <Shape><Polygon POINTS="1746 1261 1743 1284 1915 1289 1918 1292 1941 1307 1944 1307 1947 1307 1949 1307 2215 1302 2241 1315 2244 1315 2246 1315 2249 1315 2252 1315 2273 1302 2312 1318 2314 1318 2317 1318 2374 1305 2385 1305 2400 1307 2481 1321 2484 1321 2598 1313 2619 1313 2624 1315 2658 1328 2661 1328 2664 1328 3026 1326 3028 1297 3028 1250 2992 1232 2989 1232 2841 1227 2838 1227 2752 1242 2750 1242 2744 1242 2658 1222 2656 1222 2653 1222 2609 1237 2510 1237 2497 1224 2497 1222 2494 1222 2491 1222 2489 1222 2398 1232 2369 1214 2366 1214 2364 1214 2361 1214 2359 1214 2356 1214 2338 1229 2140 1227 2113 1206 2111 1206 2108 1206 2106 1206 1928 1219 1868 1203 1866 1203 1863 1203 1861 1203 1858 1203 1845 1211 1837 1201 1835 1201 1835 1198 1832 1198 1829 1198 1827 1198 1746 1214 1746 1261"/></Shape>
	    <String CONTENT="Dont esgarda avant ⁊ vit .iii. cheuaꝰ gnͣs ⁊"
                    HPOS="1743"
                    VPOS="1198"
                    WIDTH="1285"
                    HEIGHT="130"></String>
          </TextLine>

          
          
          <TextLine ID="eSc_line_d6403456"
                    
                    BASELINE="1746 1331 3031 1373" 
                    HPOS="1743"
                    VPOS="1274"
                    WIDTH="1288"
                    HEIGHT="125">
            <Shape><Polygon POINTS="1746 1331 1743 1360 3026 1399 3031 1373 3028 1328 2653 1318 2650 1315 2637 1302 2637 1300 2635 1300 2632 1300 2630 1300 2476 1307 2382 1292 2379 1292 2319 1305 2312 1305 2301 1302 2223 1287 2220 1287 2095 1297 2082 1297 2077 1297 2035 1281 2033 1281 2030 1281 2027 1281 1996 1294 1991 1294 1973 1292 1827 1274 1824 1274 1746 1284 1746 1331"/></Shape>
	    <String CONTENT="en boin point. Si demanda a qͥ il furent .i. gars"
                    HPOS="1743"
                    VPOS="1274"
                    WIDTH="1288"
                    HEIGHT="125"></String>
          </TextLine>

          
          
          <TextLine ID="eSc_line_ae80788e"
                    
                    BASELINE="1746 1404 2525 1435 3036 1438" 
                    HPOS="1743"
                    VPOS="1347"
                    WIDTH="1293"
                    HEIGHT="138">
            <Shape><Polygon POINTS="1746 1404 1743 1440 2817 1466 2948 1485 2950 1485 3034 1472 3036 1438 3036 1399 1746 1347 1746 1404"/></Shape>
	    <String CONTENT="dist. qͥl erent a .i. ch̾r dou pais. Amis dist dorꝰ"
                    HPOS="1743"
                    VPOS="1347"
                    WIDTH="1293"
                    HEIGHT="138"></String>
          </TextLine>

          
          
          <TextLine ID="eSc_line_f64ea19c"
                    
                    BASELINE="1743 1487 3057 1529" 
                    HPOS="1741"
                    VPOS="1425"
                    WIDTH="1316"
                    HEIGHT="133">
            <Shape><Polygon POINTS="1743 1487 1741 1513 3052 1558 3057 1529 3057 1472 2768 1469 2760 1461 2744 1451 2742 1451 2739 1451 2736 1451 2684 1461 2666 1464 2661 1459 2656 1451 2653 1451 2653 1448 2650 1448 2648 1448 2645 1448 2643 1448 2619 1459 2617 1459 2614 1459 2577 1446 2575 1446 2572 1446 2518 1456 2499 1459 2476 1453 2411 1440 2408 1440 2405 1440 2385 1451 2379 1453 2372 1451 2330 1438 2327 1438 2325 1438 2322 1438 2293 1448 2286 1451 2273 1448 2210 1435 2207 1435 2132 1446 2119 1446 2108 1443 2046 1430 2043 1430 1941 1440 1923 1440 1918 1438 1902 1425 1900 1425 1897 1425 1895 1425 1743 1433 1743 1487"/></Shape>
	    <String CONTENT="il na houme en ceste tr̾e ki mesꝯdesist son ceual."
                    HPOS="1741"
                    VPOS="1425"
                    WIDTH="1316"
                    HEIGHT="133"></String>
          </TextLine>

          
          
          <TextLine ID="eSc_line_aa576e79"
                    
                    BASELINE="1746 1560 3026 1597" 
                    HPOS="1743"
                    VPOS="1503"
                    WIDTH="1283"
                    HEIGHT="122">
            <Shape><Polygon POINTS="1743 1597 3021 1625 3026 1597 3026 1542 2489 1539 2478 1524 2476 1524 2476 1521 2473 1521 2471 1521 2468 1521 2432 1524 2312 1532 2228 1516 2202 1513 2200 1513 2181 1516 2111 1526 1968 1508 1928 1506 1798 1503 1795 1503 1793 1503 1790 1503 1775 1516 1749 1503 1746 1560 1743 1597"/></Shape>
	    <String CONTENT="Va ⁊ si met ma siele sour cestui ⁊ nen fai ia dãgr̾"
                    HPOS="1743"
                    VPOS="1503"
                    WIDTH="1283"
                    HEIGHT="122"></String>
          </TextLine>

          
          
          <TextLine ID="eSc_line_2a4d7fbe"
                    
                    BASELINE="1743 1636 3013 1672" 
                    HPOS="1741"
                    VPOS="1589"
                    WIDTH="1272"
                    HEIGHT="109">
            <Shape><Polygon POINTS="1743 1636 1741 1672 3008 1698 3013 1672 3013 1625 1743 1589 1743 1636"/></Shape>
	    <String CONTENT="ne noise. car ie me coureceroie a toy. Cil nossa"
                    HPOS="1741"
                    VPOS="1589"
                    WIDTH="1272"
                    HEIGHT="109"></String>
          </TextLine>

          
          
          <TextLine ID="eSc_line_0a5a8e46"
                    
                    BASELINE="1738 1714 3039 1745" 
                    HPOS="1736"
                    VPOS="1664"
                    WIDTH="1303"
                    HEIGHT="120">
            <Shape><Polygon POINTS="1738 1714 1736 1750 1842 1745 1996 1761 2009 1761 2012 1761 2014 1761 2043 1748 2064 1763 2067 1763 2069 1763 2072 1763 2085 1763 2171 1750 3034 1784 3039 1745 3039 1696 1738 1664 1738 1714"/></Shape>
	    <String CONTENT="faire ꝯtredit de cesti cose. ancois a fait son ꝯmãt."
                    HPOS="1736"
                    VPOS="1664"
                    WIDTH="1303"
                    HEIGHT="120"></String>
          </TextLine>

          
          
          <TextLine ID="eSc_line_0f7b6c6f"
                    
                    BASELINE="1746 1787 3028 1816" 
                    HPOS="1743"
                    VPOS="1737"
                    WIDTH="1285"
                    HEIGHT="112">
            <Shape><Polygon POINTS="1746 1787 1743 1810 3023 1849 3028 1816 3028 1766 1746 1737 1746 1787"/></Shape>
	    <String CONTENT="⁊ puis a fait hors sacier le ceual enmi la cort"
                    HPOS="1743"
                    VPOS="1737"
                    WIDTH="1285"
                    HEIGHT="112"></String>
          </TextLine>

          
          
          <TextLine ID="eSc_line_62aecf6e"
                    
                    BASELINE="1743 1860 3018 1889" 
                    HPOS="1741"
                    VPOS="1800"
                    WIDTH="1277"
                    HEIGHT="128">
            <Shape><Polygon POINTS="1743 1860 1741 1899 2293 1899 2353 1915 2359 1915 2361 1915 2364 1915 2379 1915 2518 1904 2658 1920 2679 1922 2682 1922 2695 1922 2783 1909 2812 1925 2815 1925 2817 1925 3013 1928 3018 1889 3018 1839 1743 1800 1743 1860"/></Shape>
	    <String CONTENT="⁊ il se mist en la siele au plus tost kil pot. ⁊ vint"
                    HPOS="1741"
                    VPOS="1800"
                    WIDTH="1277"
                    HEIGHT="128"></String>
          </TextLine>

          
          
          <TextLine ID="eSc_line_1f6698a5"
                    
                    BASELINE="1736 1933 2997 1961" 
                    HPOS="1733"
                    VPOS="1873"
                    WIDTH="1264"
                    HEIGHT="128">
            <Shape><Polygon POINTS="1736 1933 1733 1969 2184 1969 2293 1980 2390 1988 2392 1988 2468 1980 2515 1977 2606 1982 2893 2001 2895 2001 2995 1985 2997 1961 2995 1907 2692 1907 2674 1902 2645 1891 2643 1891 2640 1891 2525 1899 2473 1902 2460 1899 2424 1886 2421 1886 2418 1886 2416 1886 2395 1896 2390 1899 2385 1896 2353 1886 2351 1886 2348 1886 2280 1896 2267 1896 2257 1894 2192 1881 2189 1881 2116 1894 2106 1894 2103 1894 2082 1878 2080 1878 2077 1878 2074 1878 1858 1889 1850 1889 1816 1873 1814 1873 1811 1873 1736 1886 1736 1933"/></Shape>
	    <String CONTENT="a la porte ⁊ se fist hors sacier. Et qnͣt li gars"
                    HPOS="1733"
                    VPOS="1873"
                    WIDTH="1264"
                    HEIGHT="128"></String>
          </TextLine>

          
          
          <TextLine ID="eSc_line_a76c3848"
                    
                    BASELINE="1733 2006 3000 2037" 
                    HPOS="1730"
                    VPOS="1946"
                    WIDTH="1270"
                    HEIGHT="130">
            <Shape><Polygon POINTS="1733 2006 1730 2047 2364 2047 2510 2066 2520 2066 2523 2066 2528 2066 2577 2055 2995 2076 3000 2037 2997 1975 2895 1990 2757 1972 2755 1972 2752 1972 2750 1972 2750 1975 2736 1985 2692 1972 2690 1972 2687 1972 2598 1982 2504 1967 2473 1961 2471 1961 2468 1961 2450 1967 2403 1977 2359 1964 2340 1959 2338 1959 2335 1959 2233 1961 2051 1969 1952 1969 1941 1959 1931 1951 1931 1948 1928 1948 1926 1948 1923 1948 1921 1948 1887 1956 1858 1964 1848 1956 1835 1946 1832 1946 1829 1946 1827 1946 1733 1954 1733 2006"/></Shape>
	    <String CONTENT="vit qͥl enmenoit isi le ceual sans son gret si"
                    HPOS="1730"
                    VPOS="1946"
                    WIDTH="1270"
                    HEIGHT="130"></String>
          </TextLine>

          
          
          <TextLine ID="eSc_line_17a1b314"
                    
                    BASELINE="1736 2079 3026 2118" 
                    HPOS="1733"
                    VPOS="2024"
                    WIDTH="1293"
                    HEIGHT="115">
            <Shape><Polygon POINTS="1736 2079 1733 2110 3021 2139 3026 2118 3026 2068 2924 2050 2922 2050 2869 2063 2862 2063 2859 2060 2836 2047 2833 2047 2830 2047 2828 2047 2723 2058 2710 2058 2708 2058 2692 2042 2690 2042 2687 2042 2684 2042 2546 2053 2518 2053 2502 2050 2450 2037 2447 2037 2445 2037 2379 2047 2369 2047 2364 2045 2348 2032 2345 2032 2343 2032 2340 2032 2210 2040 2173 2042 2140 2040 2035 2024 2033 2024 1736 2024 1736 2079"/></Shape>
	    <String CONTENT="fist noise. ⁊ si nouviele vint a labbe. issi ꝯ il ert"
                    HPOS="1733"
                    VPOS="2024"
                    WIDTH="1293"
                    HEIGHT="115"></String>
          </TextLine>

          
          
          <TextLine ID="eSc_line_89c1ca67"
                    
                    BASELINE="1733 2154 3000 2180" 
                    HPOS="1730"
                    VPOS="2092"
                    WIDTH="1270"
                    HEIGHT="125">
            <Shape><Polygon POINTS="1733 2154 1730 2186 1741 2193 1743 2193 1746 2193 1749 2193 1837 2183 1986 2199 1988 2199 2082 2188 2093 2188 2095 2188 2119 2201 2121 2201 2124 2201 2293 2196 2364 2193 2385 2199 2413 2206 2416 2206 2418 2206 2518 2204 2617 2199 2643 2206 2658 2212 2661 2212 2664 2212 2666 2212 2682 2209 2710 2201 2995 2217 3000 2180 3000 2123 1733 2092 1733 2154"/></Shape>
	    <String CONTENT="deuant peliar̾. ki ꝑloit a abilon. Sire dist li"
                    HPOS="1730"
                    VPOS="2092"
                    WIDTH="1270"
                    HEIGHT="125"></String>
          </TextLine>

          
          
          <TextLine ID="eSc_line_68f7ba24"
                    
                    BASELINE="1730 2225 3039 2253" 
                    HPOS="1728"
                    VPOS="2162"
                    WIDTH="1311"
                    HEIGHT="130">
            <Shape><Polygon POINTS="1730 2225 1728 2248 2085 2274 2087 2274 2200 2261 2249 2277 2252 2277 2254 2277 2257 2277 2296 2264 2319 2279 2322 2279 2325 2279 2327 2279 2439 2266 2465 2282 2468 2282 2471 2282 2473 2282 2656 2272 2697 2287 2700 2287 2703 2287 2828 2277 2992 2292 2995 2292 2997 2292 3036 2277 3039 2253 3039 2201 2817 2201 2807 2196 2781 2186 2778 2186 2776 2186 2773 2186 2739 2193 2731 2196 2729 2193 2718 2186 2718 2183 2716 2183 2713 2183 2710 2183 2661 2193 2653 2193 2640 2191 2570 2178 2567 2178 2564 2178 2525 2191 2518 2191 2502 2188 2400 2175 2398 2175 2168 2183 2127 2183 2124 2183 2095 2167 2093 2167 2090 2167 1991 2180 1975 2180 1952 2178 1832 2162 1829 2162 1730 2173 1730 2225"/></Shape>
	    <String CONTENT="abbes a .pel̾. par foi ainc mais tel cose noi mes"
                    HPOS="1728"
                    VPOS="2162"
                    WIDTH="1311"
                    HEIGHT="130"></String>
          </TextLine>

          
          
          <TextLine ID="eSc_line_fc1158f5"
                    
                    BASELINE="1725 2308 3026 2331" 
                    HPOS="1723"
                    VPOS="2238"
                    WIDTH="1303"
                    HEIGHT="125">
            <Shape><Polygon POINTS="1723 2331 1736 2342 1738 2342 1741 2342 1743 2342 2095 2337 2155 2352 2158 2352 2160 2352 2236 2339 2372 2355 2374 2355 2377 2355 2379 2355 2398 2342 2400 2342 2416 2342 2744 2363 2747 2363 3023 2355 3026 2331 3021 2264 2982 2279 2893 2279 2872 2261 2869 2261 2867 2261 2864 2261 2859 2261 2726 2274 2677 2259 2664 2253 2661 2253 2658 2253 2622 2256 2515 2269 2460 2253 2437 2248 2434 2248 2432 2248 2390 2253 2293 2266 2257 2251 2244 2245 2241 2245 2239 2245 2215 2251 2155 2264 2004 2248 1936 2240 1934 2240 1931 2240 1915 2245 1887 2256 1855 2245 1842 2240 1840 2240 1769 2238 1767 2238 1764 2238 1762 2238 1762 2240 1756 2243 1749 2253 1728 2243 1725 2308 1723 2331"/></Shape>
	    <String CONTENT="Car ur̾e frere dorꝰ enmaĩne vr̾e ceual ⁊ a poi"
                    HPOS="1723"
                    VPOS="2238"
                    WIDTH="1303"
                    HEIGHT="125"></String>
          </TextLine>

          
          
          <TextLine ID="eSc_line_85822f1e"
                    
                    BASELINE="1723 2384 3023 2407" 
                    HPOS="1720"
                    VPOS="2321"
                    WIDTH="1303"
                    HEIGHT="117">
            <Shape><Polygon POINTS="1723 2384 1720 2407 1743 2420 1746 2420 1749 2420 1751 2420 1842 2407 1861 2423 1863 2423 1866 2423 1868 2423 1871 2423 1910 2410 2009 2425 2012 2425 2220 2415 2252 2415 2259 2417 2296 2430 2299 2430 2301 2430 2405 2420 2442 2417 2489 2423 2593 2436 2596 2436 2640 2428 2661 2423 2684 2428 2713 2436 2716 2436 2718 2438 3021 2438 3023 2407 3021 2355 2734 2334 2731 2334 2622 2345 2596 2347 2593 2345 2585 2334 2583 2334 2583 2331 2580 2331 2577 2331 2575 2331 2491 2342 2486 2342 2478 2342 2411 2329 2408 2329 2239 2337 2160 2339 2153 2334 2142 2324 2140 2324 2137 2324 2134 2324 2090 2334 2072 2337 2054 2331 2012 2321 2009 2321 2007 2321 2004 2321 1965 2331 1949 2334 1931 2329 1900 2321 1897 2321 1895 2321 1723 2324 1723 2384"/></Shape>
	    <String CONTENT="qͥl na mon garcon ocis. par mon cief dans abbes."
                    HPOS="1720"
                    VPOS="2321"
                    WIDTH="1303"
                    HEIGHT="117"></String>
          </TextLine>

          
          
          <TextLine ID="eSc_line_eeb0d856"
                    
                    BASELINE="1723 2457 3026 2475" 
                    HPOS="1720"
                    VPOS="2394"
                    WIDTH="1306"
                    HEIGHT="117">
            <Shape><Polygon POINTS="1723 2457 1720 2477 1986 2498 1988 2498 2054 2488 2072 2485 2095 2488 2168 2501 2171 2501 2231 2493 2257 2488 2265 2493 2275 2503 2278 2503 2280 2503 2283 2503 2385 2496 2463 2490 2481 2498 2497 2506 2499 2506 2502 2506 2538 2501 2580 2493 2622 2503 2653 2509 2656 2509 2723 2506 2823 2498 3021 2511 3026 2475 3023 2417 2525 2417 2512 2412 2494 2404 2491 2404 2489 2404 2486 2404 2484 2404 2473 2412 2465 2417 2405 2412 2317 2402 2314 2402 2312 2402 2296 2410 2286 2415 2275 2410 2249 2399 2246 2399 2244 2399 2179 2410 2168 2410 2160 2410 2069 2397 2067 2397 2064 2397 2041 2407 2038 2410 2014 2407 1882 2394 1879 2394 1723 2404 1723 2457"/></Shape>
	    <String CONTENT="il a droit. ⁊ il se puet bien dou mien fier autãt"
                    HPOS="1720"
                    VPOS="2394"
                    WIDTH="1306"
                    HEIGHT="117"></String>
          </TextLine>

          
          
          <TextLine ID="eSc_line_f5ff2bfc"
                    
                    BASELINE="1720 2529 3021 2550" 
                    HPOS="1717"
                    VPOS="2472"
                    WIDTH="1304"
                    HEIGHT="104">
            <Shape><Polygon POINTS="1720 2529 1717 2550 1782 2566 3015 2576 3021 2550 3018 2498 2369 2475 2366 2475 2291 2485 2286 2485 2278 2485 2207 2472 2205 2472 1720 2475 1720 2529"/></Shape>
	    <String CONTENT="cuns ceuaus vaut. Mais ce me dites. ꝯmẽt seut"
                    HPOS="1717"
                    VPOS="2472"
                    WIDTH="1304"
                    HEIGHT="104"></String>
          </TextLine>

          
          
          <TextLine ID="eSc_line_f9054ad3"
                    
                    BASELINE="1720 2602 3008 2626" 
                    HPOS="1717"
                    VPOS="2540"
                    WIDTH="1291"
                    HEIGHT="120">
            <Shape><Polygon POINTS="1720 2602 1717 2636 2432 2636 3002 2660 3008 2626 3005 2576 2864 2556 2862 2556 2744 2571 2734 2571 2723 2558 2721 2558 2721 2556 2718 2556 2716 2556 2713 2556 2627 2566 2580 2550 2577 2550 2575 2550 2572 2550 2531 2563 2478 2550 2476 2550 2473 2550 2471 2550 2445 2563 2424 2548 2421 2548 2418 2548 2416 2548 2413 2548 2379 2563 2377 2563 2317 2550 2314 2550 2312 2550 2270 2561 2252 2545 2249 2545 2246 2545 2244 2545 2241 2545 2207 2561 2205 2561 2202 2561 2147 2543 2145 2543 2046 2543 2043 2543 2041 2543 2038 2543 2017 2558 1996 2540 1994 2540 1991 2540 1988 2540 1720 2550 1720 2602"/></Shape>
	    <String CONTENT="il quil estoit miens. de ce dist il ne sai ie nient"
                    HPOS="1717"
                    VPOS="2540"
                    WIDTH="1291"
                    HEIGHT="120"></String>
          </TextLine>

          
          
          <TextLine ID="eSc_line_62526efb"
                    
                    BASELINE="1720 2678 3010 2696" 
                    HPOS="1717"
                    VPOS="2621"
                    WIDTH="1293"
                    HEIGHT="114">
            <Shape><Polygon POINTS="1720 2678 1717 2707 2111 2722 2113 2722 2145 2717 2181 2712 2189 2720 2197 2725 2200 2725 2202 2725 2205 2725 2207 2725 2223 2720 2244 2712 2257 2720 2267 2728 2270 2728 2273 2728 2275 2728 2332 2722 2379 2717 2416 2722 2455 2730 2458 2730 2515 2725 2611 2717 2630 2728 2635 2733 2637 2733 2640 2733 2643 2733 2687 2730 2794 2720 3005 2735 3010 2696 3010 2644 2744 2642 2744 2639 2731 2629 2731 2626 2729 2626 2726 2626 2723 2626 2549 2636 2531 2636 2523 2636 2458 2621 2455 2621 1720 2623 1720 2678"/></Shape>
	    <String CONTENT="qͥl le seuist. ancois sai bñ kil lenmaĩne. Dont"
                    HPOS="1717"
                    VPOS="2621"
                    WIDTH="1293"
                    HEIGHT="114"></String>
          </TextLine>

          
          
          <TextLine ID="eSc_line_3f277daf"
                    
                    BASELINE="1720 2759 3008 2780" 
                    HPOS="1717"
                    VPOS="2699"
                    WIDTH="1291"
                    HEIGHT="115">
            <Shape><Polygon POINTS="1720 2759 1717 2785 3002 2814 3008 2780 3005 2728 2677 2707 2674 2707 2588 2720 2580 2720 2575 2720 2525 2704 2523 2704 2520 2704 2518 2704 2471 2717 2468 2717 2463 2717 2330 2701 2327 2701 2233 2714 2218 2714 2200 2712 2080 2699 2077 2699 1720 2704 1720 2759"/></Shape>
	    <String CONTENT="a fait venir le garcon avant ⁊ ansi demãda le"
                    HPOS="1717"
                    VPOS="2699"
                    WIDTH="1291"
                    HEIGHT="115"></String>
          </TextLine>

          
          
          <TextLine ID="eSc_line_f7e3e3ae"
                    
                    BASELINE="1725 2834 3002 2853" 
                    HPOS="1723"
                    VPOS="2785"
                    WIDTH="1279"
                    HEIGHT="107">
            <Shape><Polygon POINTS="1725 2834 1723 2860 1777 2879 1780 2879 1782 2879 1892 2866 1902 2866 2997 2892 3002 2853 3000 2803 1725 2785 1725 2834"/></Shape>
	    <String CONTENT="ꝯvenant ꝯment il auoit ale. ⁊ cil lor conta."
                    HPOS="1723"
                    VPOS="2785"
                    WIDTH="1279"
                    HEIGHT="107"></String>
          </TextLine>

          
          
          <TextLine ID="eSc_line_c400d24d"
                    
                    BASELINE="1723 2905 2989 2926" 
                    HPOS="1720"
                    VPOS="2847"
                    WIDTH="1269"
                    HEIGHT="118">
            <Shape><Polygon POINTS="1723 2905 1720 2933 2841 2965 2843 2965 2987 2952 2989 2926 2987 2879 2562 2879 2549 2871 2515 2858 2512 2858 2510 2858 2421 2871 2413 2871 2408 2871 2359 2855 2356 2855 2353 2855 2241 2868 2213 2871 2197 2868 2137 2853 2134 2853 2132 2853 2001 2866 1988 2866 1986 2866 1970 2850 1968 2850 1965 2850 1874 2847 1871 2847 1723 2860 1723 2905"/></Shape>
	    <String CONTENT="mais de ce qͥl fust a .pel̾. ne sauoit il nient."
                    HPOS="1720"
                    VPOS="2847"
                    WIDTH="1269"
                    HEIGHT="118"></String>
          </TextLine>

          
          
          <TextLine ID="eSc_line_a5c93fac"
                    
                    BASELINE="1725 2978 3002 2996" 
                    HPOS="1723"
                    VPOS="2928"
                    WIDTH="1279"
                    HEIGHT="99">
            <Shape><Polygon POINTS="1725 2978 1723 3004 1767 3019 1769 3019 1772 3019 1900 3009 2273 3027 2275 3027 3000 3022 3002 2996 3002 2949 1725 2928 1725 2978"/></Shape>
	    <String CONTENT="bñ va dist .pel̾. or laissier aler. Car de plus a"
                    HPOS="1723"
                    VPOS="2928"
                    WIDTH="1279"
                    HEIGHT="99"></String>
          </TextLine>

          
          
          <TextLine ID="eSc_line_79a0b14a"
                    
                    BASELINE="1720 3056 3000 3071" 
                    HPOS="1717"
                    VPOS="3001"
                    WIDTH="1283"
                    HEIGHT="112">
            <Shape><Polygon POINTS="1720 3056 1717 3077 1809 3098 1811 3098 2176 3090 2351 3087 2359 3095 2359 3098 2361 3098 2361 3100 2364 3100 2366 3100 2369 3100 2486 3098 2750 3092 2776 3105 2781 3111 2783 3111 2786 3111 2789 3113 2997 3113 3000 3071 3000 3017 2982 3006 2979 3006 2976 3006 2974 3006 2807 3019 2791 3019 2789 3019 2773 3004 2770 3004 2768 3004 2765 3004 2609 3017 2583 3017 2580 3014 2564 3001 2562 3001 2559 3001 2557 3001 2411 3012 2372 3014 2359 3012 2330 3001 2327 3001 1720 3001 1720 3056"/></Shape>
	    <String CONTENT="vise ch̾r niert iamais nouviele oie. Ensi ꝯ ie vꝰ"
                    HPOS="1717"
                    VPOS="3001"
                    WIDTH="1283"
                    HEIGHT="112"></String>
          </TextLine>

          
          
          <TextLine ID="eSc_line_6e6c978a"
                    
                    BASELINE="1717 3134 2992 3152" 
                    HPOS="1715"
                    VPOS="3069"
                    WIDTH="1277"
                    HEIGHT="109">
            <Shape><Polygon POINTS="1717 3134 1715 3155 2987 3178 2992 3152 2989 3103 2627 3077 2624 3077 2622 3077 2557 3092 2504 3079 2502 3079 2499 3079 2497 3079 2494 3079 2494 3082 2481 3095 2478 3095 2416 3074 2413 3074 2411 3074 2408 3074 2364 3092 2361 3092 2353 3092 2197 3071 2194 3071 2085 3084 2043 3069 2041 3069 2038 3069 1973 3082 1954 3069 1952 3069 1949 3069 1947 3069 1944 3069 1941 3069 1918 3087 1915 3087 1908 3087 1848 3074 1845 3074 1717 3082 1717 3134"/></Shape>
	    <String CONTENT="ai ꝯte avoit abilon racontee a .pel̾. laventure"
                    HPOS="1715"
                    VPOS="3069"
                    WIDTH="1277"
                    HEIGHT="109"></String>
          </TextLine>

          
          
          <TextLine ID="eSc_line_ade94f33"
                    
                    BASELINE="1717 3204 2989 3223" 
                    HPOS="1715"
                    VPOS="3152"
                    WIDTH="1274"
                    HEIGHT="91">
            <Shape><Polygon POINTS="1717 3204 1715 3236 2984 3243 2989 3223 2987 3163 1717 3152 1717 3204"/></Shape>
	    <String CONTENT="de dorus. ꝯment il sestoit acoĩties a lui. mais"
                    HPOS="1715"
                    VPOS="3152"
                    WIDTH="1274"
                    HEIGHT="91"></String>
          </TextLine>

          
          
          <TextLine ID="eSc_line_17c791fd"
                    
                    BASELINE="1717 3272 2987 3290" 
                    HPOS="1715"
                    VPOS="3212"
                    WIDTH="1272"
                    HEIGHT="110">
            <Shape><Polygon POINTS="1717 3272 1715 3301 2982 3322 2987 3290 2984 3243 2898 3228 2895 3228 2893 3228 2890 3228 2890 3230 2877 3241 2783 3241 2783 3238 2760 3223 2757 3223 2755 3223 2752 3223 2750 3223 2690 3238 2684 3238 2575 3238 2572 3236 2549 3220 2546 3220 2544 3220 2541 3220 2463 3233 2426 3217 2424 3217 2421 3217 2418 3217 2372 3230 2226 3215 2223 3215 2054 3228 2051 3228 2014 3212 2012 3212 2009 3212 2007 3212 1962 3225 1944 3212 1941 3212 1939 3212 1936 3212 1717 3223 1717 3272"/></Shape>
	    <String CONTENT="mẽtir le couuĩt en cesti manr̾e. q̃ ie vꝰ dirai ẽsi"
                    HPOS="1715"
                    VPOS="3212"
                    WIDTH="1272"
                    HEIGHT="110"></String>
          </TextLine>

          
          
          <TextLine ID="eSc_line_d914b576"
                    
                    BASELINE="1715 3342 3010 3366" 
                    HPOS="1712"
                    VPOS="3283"
                    WIDTH="1298"
                    HEIGHT="114">
            <Shape><Polygon POINTS="1715 3342 1712 3371 2140 3371 2153 3382 2153 3384 2155 3384 2158 3384 2160 3384 2179 3384 2286 3374 2322 3387 2325 3387 2327 3387 2330 3387 2340 3387 2418 3376 2437 3389 2439 3389 2442 3389 2445 3389 2458 3389 2525 3379 3005 3397 3010 3366 3010 3314 1715 3283 1715 3342"/></Shape>
	    <String CONTENT="ꝯ il ꝯvient a la fois a tamaint preudoume: Sire"
                    HPOS="1712"
                    VPOS="3283"
                    WIDTH="1298"
                    HEIGHT="114"></String>
          </TextLine>

          
          
          <TextLine ID="eSc_line_1a99f729"
                    
                    BASELINE="1712 3415 2987 3431" 
                    HPOS="1709"
                    VPOS="3353"
                    WIDTH="1278"
                    HEIGHT="120">
            <Shape><Polygon POINTS="1712 3415 1709 3436 1814 3454 1816 3454 1819 3454 1861 3441 1863 3441 1866 3441 1923 3454 1926 3454 1928 3454 1957 3444 1968 3441 2025 3447 2124 3454 2127 3454 2129 3454 2150 3449 2171 3444 2181 3449 2192 3457 2194 3457 2197 3457 2200 3457 2275 3452 2366 3447 2400 3457 2432 3465 2434 3465 2437 3465 2439 3465 2455 3457 2473 3447 2484 3457 2489 3462 2489 3465 2491 3465 2494 3465 2497 3465 2499 3465 2518 3460 2544 3449 2564 3460 2577 3467 2580 3467 2583 3467 2635 3462 2747 3449 2802 3467 2815 3470 2817 3470 2820 3473 2984 3473 2987 3431 2984 3376 2611 3363 2609 3363 2606 3363 2580 3371 2564 3376 2554 3371 2533 3361 2531 3361 2528 3361 2372 3371 2340 3371 2335 3371 2309 3358 2306 3358 2304 3358 2181 3368 2142 3371 2129 3368 2087 3355 2085 3355 2082 3355 1970 3366 1947 3368 1931 3366 1861 3353 1858 3353 1855 3353 1853 3353 1837 3366 1835 3366 1777 3353 1775 3353 1712 3363 1712 3415"/></Shape>
	    <String CONTENT="dist dont abilon il est voirs q̃ ie a ur̾e frere me"
                    HPOS="1709"
                    VPOS="3353"
                    WIDTH="1278"
                    HEIGHT="120"></String>
          </TextLine>

          
          
          <TextLine ID="eSc_line_e92350ea"
                    
                    BASELINE="1715 3481 2932 3496" 
                    HPOS="1712"
                    VPOS="3423"
                    WIDTH="1220"
                    HEIGHT="110">
            <Shape><Polygon POINTS="1712 3507 2927 3533 2932 3496 2929 3452 2708 3436 2705 3436 2596 3444 2528 3447 2507 3441 2486 3434 2484 3434 2481 3434 2408 3439 2325 3444 2312 3436 2304 3431 2301 3431 2299 3431 2296 3431 2249 3434 2171 3441 2127 3431 2106 3428 2103 3428 2069 3431 1968 3439 1892 3426 1882 3426 1879 3426 1868 3426 1772 3436 1717 3423 1715 3481 1712 3507"/></Shape>
	    <String CONTENT="sui acointies en maniere ke vous aves oit."
                    HPOS="1712"
                    VPOS="3423"
                    WIDTH="1220"
                    HEIGHT="110"></String>
          </TextLine>

          
          
          <TextLine ID="eSc_line_c062961c"
                    
                    BASELINE="1712 3556 2922 3569" 
                    HPOS="1709"
                    VPOS="3491"
                    WIDTH="1213"
                    HEIGHT="109">
            <Shape><Polygon POINTS="1712 3556 1709 3587 2916 3600 2922 3569 2916 3512 2726 3517 2677 3509 2609 3499 2606 3499 2533 3509 2491 3514 2471 3509 2434 3496 2432 3496 2429 3496 2426 3496 2424 3496 2405 3509 2400 3512 2395 3509 2382 3496 2379 3496 2377 3496 2374 3496 2254 3507 2205 3512 2168 3507 2080 3494 2077 3494 1981 3507 1954 3509 1947 3507 1915 3491 1913 3491 1910 3491 1712 3504 1712 3556"/></Shape>
	    <String CONTENT="Mais sacies q̃ li couleurs p᷑ coi ie lai fait nest"
                    HPOS="1709"
                    VPOS="3491"
                    WIDTH="1213"
                    HEIGHT="109"></String>
          </TextLine>

          
          
          <TextLine ID="eSc_line_c75af28c"
                    
                    BASELINE="1715 3634 2984 3650" 
                    HPOS="1712"
                    VPOS="3567"
                    WIDTH="1272"
                    HEIGHT="114">
            <Shape><Polygon POINTS="1715 3634 1712 3652 1767 3671 1769 3671 1772 3671 2181 3663 2257 3663 2270 3666 2309 3676 2312 3676 2314 3676 2317 3676 2338 3666 2348 3663 2411 3668 2559 3681 2562 3681 2564 3681 2593 3671 2606 3668 2622 3673 2650 3681 2653 3681 2656 3681 2982 3679 2984 3650 2984 3587 2909 3577 2906 3577 2872 3585 2828 3595 2794 3582 2770 3574 2768 3574 2765 3574 2763 3574 2760 3574 2760 3577 2752 3582 2739 3593 2697 3582 2664 3574 2661 3574 2630 3582 2583 3593 2564 3580 2554 3572 2551 3572 2549 3572 2546 3572 2481 3580 2387 3590 2283 3577 2226 3569 2223 3569 2220 3569 2218 3569 2210 3574 2194 3587 2147 3574 2119 3567 2116 3567 2113 3567 2111 3567 2108 3567 2100 3574 2085 3582 2004 3572 1954 3567 1952 3567 1949 3567 1939 3572 1913 3585 1785 3585 1769 3569 1767 3567 1764 3567 1762 3567 1759 3567 1715 3567 1715 3634"/></Shape>
	    <String CONTENT="autre q̃ ie le qͥdoie amener a che. q̃ ie vꝰ seuisse"
                    HPOS="1712"
                    VPOS="3567"
                    WIDTH="1272"
                    HEIGHT="114"></String>
          </TextLine>

          
          
          <TextLine ID="eSc_line_c9ee824d"
                    
                    BASELINE="1709 3707 2995 3715" 
                    HPOS="1707"
                    VPOS="3660"
                    WIDTH="1288"
                    HEIGHT="92">
            <Shape><Polygon POINTS="1709 3707 1707 3731 2989 3752 2995 3715 2995 3660 1709 3660 1709 3707"/></Shape>
	    <String CONTENT="en aucun liu. v ie le peuisse amener. ⁊ vꝰ le"
                    HPOS="1707"
                    VPOS="3660"
                    WIDTH="1288"
                    HEIGHT="92"></String>
          </TextLine>

          
          
          <TextLine ID="eSc_line_d614a9b1"
                    
                    BASELINE="1704 3780 2982 3791" 
                    HPOS="1702"
                    VPOS="3723"
                    WIDTH="1280"
                    HEIGHT="104">
            <Shape><Polygon POINTS="1704 3780 1702 3806 2976 3827 2982 3791 2979 3741 2645 3723 2643 3723 1704 3728 1704 3780"/></Shape>
	    <String CONTENT="peuissies saisir ⁊ prendre. tant q̃ vꝰ peuissies"
                    HPOS="1702"
                    VPOS="3723"
                    WIDTH="1280"
                    HEIGHT="104"></String>
          </TextLine>

          
          
          <TextLine ID="eSc_line_2a90e57e"
                    
                    BASELINE="1712 3853 2987 3861" 
                    HPOS="1709"
                    VPOS="3804"
                    WIDTH="1278"
                    HEIGHT="93">
            <Shape><Polygon POINTS="1712 3853 1709 3874 1819 3892 1822 3892 1824 3892 1855 3879 1926 3892 1928 3892 1931 3892 1973 3879 1975 3879 2009 3892 2012 3892 2014 3892 2017 3892 2020 3892 2035 3879 2038 3879 2077 3879 2332 3895 2335 3895 2403 3884 2426 3882 2434 3884 2445 3895 2447 3895 2450 3895 2452 3895 2455 3895 2458 3895 2471 3887 2478 3882 2504 3887 2562 3897 2564 3897 2984 3892 2987 3861 2984 3809 1712 3804 1712 3853"/></Shape>
	    <String CONTENT="enviers iaus avoir pais couvignable: ꝑ coi"
                    HPOS="1709"
                    VPOS="3804"
                    WIDTH="1278"
                    HEIGHT="93"></String>
          </TextLine>

          
          
          <TextLine ID="eSc_line_ca489571"
                    
                    BASELINE="1709 3926 3005 3936" 
                    HPOS="1707"
                    VPOS="3861"
                    WIDTH="1298"
                    HEIGHT="115">
            <Shape><Polygon POINTS="1709 3926 1707 3952 1746 3968 1749 3968 1751 3968 1824 3957 2033 3970 2035 3970 2319 3957 2455 3973 2458 3973 2648 3960 2971 3976 2974 3976 2976 3976 3002 3960 3005 3936 3005 3887 2859 3871 2856 3871 2854 3871 2851 3871 2838 3882 2836 3887 2695 3887 2671 3879 2635 3869 2632 3869 2630 3869 2627 3869 2624 3869 2611 3877 2604 3882 2551 3877 2476 3869 2473 3869 2445 3874 2411 3882 2379 3874 2356 3866 2353 3866 2351 3866 2239 3871 2038 3879 2009 3866 2004 3864 2001 3864 1999 3864 1986 3866 1934 3877 1850 3864 1848 3864 1845 3864 1842 3864 1840 3864 1824 3877 1709 3861 1709 3926"/></Shape>
	    <String CONTENT="vꝰ fussies boin ami. Car uraiement il nest mie"
                    HPOS="1707"
                    VPOS="3861"
                    WIDTH="1298"
                    HEIGHT="115"></String>
          </TextLine>

          
          
          <TextLine ID="eSc_line_df0a4672"
                    
                    BASELINE="1702 3999 2987 4017" 
                    HPOS="1699"
                    VPOS="3947"
                    WIDTH="1288"
                    HEIGHT="107">
            <Shape><Polygon POINTS="1702 3999 1699 4033 2265 4033 2338 4038 2468 4049 2471 4049 2577 4038 2619 4036 2750 4036 2752 4038 2763 4049 2763 4051 2765 4051 2768 4051 2770 4051 2888 4041 2914 4054 2916 4054 2919 4054 2984 4038 2987 4017 2984 3963 1702 3947 1702 3999"/></Shape>
	    <String CONTENT="ꝓudons ki ce ne ꝯvoite. Et qnͣt abilon eut ce"
                    HPOS="1699"
                    VPOS="3947"
                    WIDTH="1288"
                    HEIGHT="107"></String>
          </TextLine>

          
          
          <TextLine ID="eSc_line_16f36e58"
                    
                    BASELINE="1715 4077 3015 4090" 
                    HPOS="1712"
                    VPOS="4015"
                    WIDTH="1303"
                    HEIGHT="101">
            <Shape><Polygon POINTS="1715 4077 1712 4114 3010 4116 3015 4090 3015 4033 2533 4020 2531 4020 2528 4020 2507 4028 2494 4033 2452 4028 2361 4017 2359 4017 2356 4017 2319 4028 2304 4030 2270 4028 2163 4015 2160 4015 2108 4025 2098 4028 2072 4025 1952 4015 1949 4015 1715 4022 1715 4077"/></Shape>
	    <String CONTENT="dit .pel̾. li mist les bras au col ⁊ dist. vraiemẽt"
                    HPOS="1712"
                    VPOS="4015"
                    WIDTH="1303"
                    HEIGHT="101"></String>
          </TextLine>

          
          
          <TextLine ID="eSc_line_2fd8f122"
                    
                    BASELINE="1707 4168 3052 4168" 
                    HPOS="1707"
                    VPOS="4095"
                    WIDTH="1345"
                    HEIGHT="133">
            <Shape><Polygon POINTS="3036 4137 3021 4108 2147 4095 2145 4095 1978 4108 1926 4095 1923 4095 1921 4095 1848 4108 1814 4095 1811 4095 1809 4095 1707 4108 1707 4168 1707 4194 1790 4215 1793 4215 1795 4215 1829 4200 1921 4213 1923 4213 2017 4200 2067 4215 2069 4215 2072 4215 2153 4197 2155 4197 2189 4226 2192 4226 2194 4226 2197 4226 2200 4226 2301 4197 2306 4197 2332 4218 2335 4218 2338 4218 2340 4218 2343 4218 2379 4197 2382 4197 2437 4226 2439 4226 2442 4228 2677 4228 2677 4226 2679 4226 2682 4226 2721 4200 2726 4197 2922 4197 2929 4200 2948 4213 2950 4213 2953 4213 2955 4213 3052 4200 3052 4168 3052 4111 3036 4108 3036 4137"/></Shape>
	    <String CONTENT="abilon. vous iestes preudõ ⁊ se vꝰ ce peuissies avoir."
                    HPOS="1707"
                    VPOS="4095"
                    WIDTH="1345"
                    HEIGHT="133"></String>
          </TextLine>

          
        </TextBlock>
        
        <TextBlock HPOS="265"
                   VPOS="2845"
                   WIDTH="59"
                   HEIGHT="137"
                   ID="eSc_textblock_e954b938"
                   TAGREFS="BT5166">
          <Shape><Polygon POINTS="324 2845 324 2982 265 2935 273 2845"/></Shape>
          
        </TextBlock>
        
        <TextBlock HPOS="1779"
                   VPOS="531"
                   WIDTH="90"
                   HEIGHT="137"
                   ID="eSc_textblock_bd543314"
                   TAGREFS="BT5166">
          <Shape><Polygon POINTS="1869 562 1854 668 1779 652 1803 531"/></Shape>
          
        </TextBlock>
        
        <TextBlock HPOS="219"
                   VPOS="187"
                   WIDTH="1415"
                   HEIGHT="4014"
                   ID="eSc_textblock_e067c8ba"
                   TAGREFS="BT8484">
          <Shape><Polygon POINTS="1603 218 1634 1184 1556 2282 1556 3966 1462 4201 219 4138 234 375 250 218 336 187"/></Shape>
          
        </TextBlock>
        

        
        <TextBlock ID="eSc_dummyblock_">
          
          
          <TextLine ID="eSc_line_254b0380"
                    
                    BASELINE="265 260 1566 260" 
                    HPOS="265"
                    VPOS="182"
                    WIDTH="1301"
                    HEIGHT="120">
            <Shape><Polygon POINTS="615 187 563 205 411 192 409 192 346 205 325 195 318 195 291 195 265 216 265 260 265 302 359 289 427 302 430 302 432 302 474 286 521 302 523 302 526 302 719 286 1563 302 1566 260 1566 203 1537 192 1535 192 1532 192 1530 192 1491 205 1488 205 1470 190 1470 187 1467 187 1464 187 1462 187 1256 205 1251 205 1212 182 1209 182 1206 182 933 182 930 182 927 182 847 208 703 208 641 187 630 187"/></Shape>
	    <String CONTENT="signour. mais proions cest abbe p᷑ .i. ceual kil le vꝰ"
                    HPOS="265"
                    VPOS="182"
                    WIDTH="1301"
                    HEIGHT="120"></String>
          </TextLine>

          
          
          <TextLine ID="eSc_line_18ba3774"
                    
                    BASELINE="263 336 1587 336" 
                    HPOS="263"
                    VPOS="276"
                    WIDTH="1324"
                    HEIGHT="104">
            <Shape><Polygon POINTS="263 336 263 369 847 362 888 375 899 377 901 377 904 380 1068 380 1068 377 1081 375 1152 362 1219 377 1230 377 1232 377 1235 377 1238 377 1285 362 1350 377 1355 377 1358 380 1587 380 1587 336 1587 291 646 276 643 276 536 289 523 278 523 276 521 276 518 276 372 276 370 276 263 289 263 336"/></Shape>
	    <String CONTENT="prest. ⁊ il iert mlt̾ ricement gueredounes. Atant"
                    HPOS="263"
                    VPOS="276"
                    WIDTH="1324"
                    HEIGHT="104"></String>
          </TextLine>

          
          
          <TextLine ID="eSc_line_ee6b02aa"
                    
                    BASELINE="255 409 1582 414" 
                    HPOS="252"
                    VPOS="346"
                    WIDTH="1330"
                    HEIGHT="102">
            <Shape><Polygon POINTS="255 409 252 432 284 445 286 445 289 448 1579 448 1582 414 1579 367 1347 367 1345 364 1329 351 1326 351 1324 351 1321 351 1318 351 1316 351 1298 364 1243 349 1240 349 1238 349 1235 349 1232 349 1232 351 1219 364 1191 349 1188 349 1186 349 1183 349 1180 349 1157 364 1154 367 920 367 907 362 821 346 818 346 761 359 745 346 742 346 740 346 737 346 456 359 344 346 341 346 338 346 336 346 336 349 323 362 320 362 255 362 255 409"/></Shape>
	    <String CONTENT="vint dorus a labbe ⁊ tint a vne maĩ son hiaume."
                    HPOS="252"
                    VPOS="346"
                    WIDTH="1330"
                    HEIGHT="102"></String>
          </TextLine>

          
          
          <TextLine ID="eSc_line_0d05c57c"
                    
                    BASELINE="260 479 1582 484" 
                    HPOS="258"
                    VPOS="416"
                    WIDTH="1324"
                    HEIGHT="107">
            <Shape><Polygon POINTS="258 508 602 505 651 515 672 518 675 518 701 515 771 505 951 518 1016 521 1019 521 1021 521 1032 518 1060 508 1100 518 1110 521 1113 521 1115 521 1159 518 1324 508 1337 518 1337 521 1339 521 1342 521 1345 523 1579 523 1582 484 1577 427 307 429 263 416 260 479 258 508"/></Shape>
	    <String CONTENT="⁊ sespee. ⁊ lautre bras. gieta al col de dant albe ⁊"
                    HPOS="258"
                    VPOS="416"
                    WIDTH="1324"
                    HEIGHT="107"></String>
          </TextLine>

          
          
          <TextLine ID="eSc_line_2e6f6a8b"
                    
                    BASELINE="260 554 1603 565" 
                    HPOS="258"
                    VPOS="487"
                    WIDTH="1345"
                    HEIGHT="109">
            <Shape><Polygon POINTS="260 554 258 578 273 591 276 591 278 591 281 591 396 578 526 591 529 591 531 591 565 578 573 578 781 594 784 596 1600 596 1603 565 1603 515 1376 515 1355 510 1266 492 1209 492 1206 492 1204 492 1201 492 1201 495 1186 508 1183 510 1178 508 1149 492 1146 492 1034 492 1032 492 1029 492 995 502 977 510 967 502 954 492 951 492 948 492 946 492 831 500 740 508 716 500 693 489 690 489 688 489 685 489 664 497 641 508 620 497 599 487 596 487 463 487 461 487 458 487 456 487 448 495 432 505 260 492 260 554"/></Shape>
	    <String CONTENT="li dist. ha: sire ie uꝰ requir p᷑ dieu ⁊ p᷑ humanite"
                    HPOS="258"
                    VPOS="487"
                    WIDTH="1345"
                    HEIGHT="109"></String>
          </TextLine>

          
          
          <TextLine ID="eSc_line_aef87244"
                    
                    BASELINE="252 630 1584 638" 
                    HPOS="250"
                    VPOS="565"
                    WIDTH="1334"
                    HEIGHT="117">
            <Shape><Polygon POINTS="252 630 250 667 354 661 401 672 419 674 422 674 424 674 427 674 427 672 430 672 448 656 523 656 675 672 706 674 709 674 711 674 716 672 745 659 784 672 800 677 802 677 805 677 834 672 909 659 998 674 1011 674 1013 674 1034 674 1157 661 1178 674 1183 680 1186 680 1188 680 1191 682 1337 682 1337 680 1339 680 1342 680 1342 677 1347 674 1363 661 1412 674 1431 680 1433 680 1436 680 1459 674 1498 667 1579 674 1584 638 1582 581 682 581 633 565 630 565 628 565 625 565 594 581 591 581 589 581 565 565 563 565 560 565 443 565 440 565 437 565 409 581 406 581 252 581 252 630"/></Shape>
	    <String CONTENT=".i. ceual ki me puist porter de ci a nr̃e gent. Ausi ꝯ"
                    HPOS="250"
                    VPOS="565"
                    WIDTH="1334"
                    HEIGHT="117"></String>
          </TextLine>

          
          
          <TextLine ID="eSc_line_ffd4c358"
                    
                    BASELINE="255 713 1550 719" 
                    HPOS="252"
                    VPOS="648"
                    WIDTH="1298"
                    HEIGHT="107">
            <Shape><Polygon POINTS="255 713 252 734 377 737 390 750 390 753 393 753 396 753 398 753 701 742 766 739 792 742 870 753 873 753 875 753 894 742 901 739 909 745 933 755 935 755 938 755 1548 750 1550 719 1550 667 1514 651 1511 651 1509 651 1438 664 1394 651 1391 651 1389 651 1332 664 1326 664 1311 664 1172 651 1170 651 1167 651 1141 661 1136 664 1133 661 1123 651 1120 651 1118 651 1115 651 1071 661 1055 664 1040 661 1006 651 1003 651 1000 651 998 651 969 659 954 664 901 659 792 648 789 648 255 651 255 713"/></Shape>
	    <String CONTENT="ie uꝰ ai ꝯte ke ie point nen ay. Et sacies q̃ ml̾t"
                    HPOS="252"
                    VPOS="648"
                    WIDTH="1298"
                    HEIGHT="107"></String>
          </TextLine>

          
          
          <TextLine ID="eSc_line_e95e7386"
                    
                    BASELINE="252 784 1540 789" 
                    HPOS="250"
                    VPOS="732"
                    WIDTH="1290"
                    HEIGHT="96">
            <Shape><Polygon POINTS="252 784 250 805 417 810 430 823 430 825 432 825 435 825 437 828 526 828 526 825 529 825 531 825 550 810 552 810 758 810 758 812 771 823 771 825 774 825 776 825 779 825 865 812 894 810 907 815 943 828 946 828 948 828 1537 820 1540 789 1537 739 252 732 252 784"/></Shape>
	    <String CONTENT="vꝰ sera hautement gueredoune. Se ie iamais"
                    HPOS="250"
                    VPOS="732"
                    WIDTH="1290"
                    HEIGHT="96"></String>
          </TextLine>

          
          
          <TextLine ID="eSc_line_751d29c7"
                    
                    BASELINE="247 852 1569 867" 
                    HPOS="245"
                    VPOS="794"
                    WIDTH="1324"
                    HEIGHT="110">
            <Shape><Polygon POINTS="247 852 245 878 688 896 690 896 875 891 1105 885 1120 896 1126 901 1128 901 1131 901 1133 901 1188 898 1313 888 1563 904 1569 867 1566 812 1360 820 1287 810 1222 802 1219 802 1217 802 1214 802 1201 810 1191 818 1094 810 1019 805 1016 805 1013 805 993 810 972 815 935 810 847 797 844 797 740 810 709 812 698 810 656 794 654 794 651 794 247 807 247 852"/></Shape>
	    <String CONTENT="vꝰ reuoi. ha: sire pour dieu mierci. Ia saues vous"
                    HPOS="245"
                    VPOS="794"
                    WIDTH="1324"
                    HEIGHT="110"></String>
          </TextLine>

          
          
          <TextLine ID="eSc_line_b495e436"
                    
                    BASELINE="255 938 1574 938" 
                    HPOS="255"
                    VPOS="870"
                    WIDTH="1319"
                    HEIGHT="104">
            <Shape><Polygon POINTS="255 938 255 974 422 961 1571 974 1574 938 1574 888 920 870 917 870 914 870 881 885 722 872 719 872 716 872 664 885 638 872 636 872 633 872 539 885 508 870 505 870 357 870 354 870 255 885 255 938"/></Shape>
	    <String CONTENT="q̃ qnͣtke iou ai caiens est vr̾e frere. mais foi ke"
                    HPOS="255"
                    VPOS="870"
                    WIDTH="1319"
                    HEIGHT="104"></String>
          </TextLine>

          
          
          <TextLine ID="eSc_line_dce3af0b"
                    
                    BASELINE="260 1010 920 1005 1571 1016" 
                    HPOS="258"
                    VPOS="945"
                    WIDTH="1313"
                    HEIGHT="89">
            <Shape><Polygon POINTS="260 1010 258 1034 1569 1034 1571 1016 1569 964 860 945 857 945 260 958 260 1010"/></Shape>
	    <String CONTENT="ie doi .S̾. benoit men patron ke ie nai caiens che"
                    HPOS="258"
                    VPOS="945"
                    WIDTH="1313"
                    HEIGHT="89"></String>
          </TextLine>

          
          
          <TextLine ID="eSc_line_b6ea46f9"
                    
                    BASELINE="260 1091 839 1086 1553 1099" 
                    HPOS="258"
                    VPOS="1016"
                    WIDTH="1295"
                    HEIGHT="109">
            <Shape><Polygon POINTS="260 1091 258 1120 484 1109 518 1122 523 1125 526 1125 529 1125 531 1125 534 1122 560 1112 630 1122 643 1125 646 1125 669 1122 797 1112 1548 1122 1553 1099 1553 1042 1498 1023 1496 1023 1493 1023 1491 1023 1488 1023 1462 1039 1462 1042 1292 1042 1285 1039 1167 1021 1165 1021 1162 1021 1094 1039 1058 1039 995 1039 995 1037 972 1021 969 1021 967 1021 964 1021 826 1034 779 1018 776 1018 774 1018 604 1034 583 1021 581 1021 578 1021 576 1021 521 1031 505 1018 505 1016 503 1016 500 1016 497 1016 495 1016 466 1029 383 1016 380 1016 260 1031 260 1091"/></Shape>
	    <String CONTENT="ual ki vꝰ fust couvignables. Mais vꝰ huimais"
                    HPOS="258"
                    VPOS="1016"
                    WIDTH="1295"
                    HEIGHT="109"></String>
          </TextLine>

          
          
          <TextLine ID="eSc_line_f464b9f1"
                    
                    BASELINE="260 1159 972 1159 1613 1177" 
                    HPOS="258"
                    VPOS="1094"
                    WIDTH="1355"
                    HEIGHT="99">
            <Shape><Polygon POINTS="260 1159 258 1188 1608 1193 1613 1177 1610 1122 1363 1104 1360 1104 1266 1117 1259 1117 1253 1117 1204 1102 1201 1102 1199 1102 1063 1115 1055 1115 1053 1115 1000 1099 998 1099 995 1099 993 1099 961 1112 901 1099 899 1099 896 1099 870 1112 857 1099 854 1099 852 1099 849 1099 638 1109 625 1109 620 1109 547 1094 544 1094 260 1104 260 1159"/></Shape>
	    <String CONTENT="demorres ⁊ le matin vꝰ en querrai .i. coi kil me doie"
                    HPOS="258"
                    VPOS="1094"
                    WIDTH="1355"
                    HEIGHT="99"></String>
          </TextLine>

          
          
          <TextLine ID="eSc_line_7e01d012"
                    
                    BASELINE="252 1219 1574 1245" 
                    HPOS="250"
                    VPOS="1167"
                    WIDTH="1324"
                    HEIGHT="112">
            <Shape><Polygon POINTS="252 1219 250 1245 268 1255 271 1255 273 1255 276 1255 883 1253 894 1253 925 1268 927 1268 1227 1274 1230 1274 1308 1261 1441 1279 1444 1279 1571 1263 1574 1245 1574 1193 1553 1182 1550 1182 1548 1182 1545 1182 1365 1190 1311 1177 1308 1177 1305 1177 1209 1188 1178 1175 1175 1175 1172 1175 795 1180 771 1167 768 1167 766 1167 763 1167 252 1169 252 1219"/></Shape>
	    <String CONTENT="couster. Adont fu dorus abaubis ⁊ abilon ꝑla ⁊"
                    HPOS="250"
                    VPOS="1167"
                    WIDTH="1324"
                    HEIGHT="112"></String>
          </TextLine>

          
          
          <TextLine ID="eSc_line_e78fcf4a"
                    
                    BASELINE="247 1300 1105 1310 1574 1328" 
                    HPOS="245"
                    VPOS="1235"
                    WIDTH="1329"
                    HEIGHT="119">
            <Shape><Polygon POINTS="247 1300 245 1323 435 1341 437 1341 552 1331 576 1331 628 1334 870 1349 873 1349 922 1341 935 1339 1569 1354 1574 1328 1574 1274 1245 1266 1232 1253 1232 1250 1230 1250 1227 1250 1225 1250 1154 1263 1146 1263 1141 1263 1110 1248 1107 1248 1105 1248 943 1258 917 1258 909 1258 862 1242 860 1242 857 1242 753 1253 722 1255 711 1253 677 1240 675 1240 672 1240 622 1250 604 1253 437 1253 430 1245 417 1235 414 1235 411 1235 409 1235 247 1240 247 1300"/></Shape>
	    <String CONTENT="dist. ⁊ ꝯment sire vꝰ ne poes ne deues mon signor"
                    HPOS="245"
                    VPOS="1235"
                    WIDTH="1329"
                    HEIGHT="119"></String>
          </TextLine>

          
          
          <TextLine ID="eSc_line_cae7e495"
                    
                    BASELINE="242 1380 1561 1396" 
                    HPOS="239"
                    VPOS="1315"
                    WIDTH="1322"
                    HEIGHT="115">
            <Shape><Polygon POINTS="242 1380 239 1404 1556 1430 1561 1396 1558 1347 1418 1347 1412 1344 1365 1328 1363 1328 1360 1328 1358 1328 1355 1328 1347 1336 1334 1326 1332 1326 1329 1326 1326 1326 1324 1326 1321 1326 1298 1341 1298 1344 1149 1344 1146 1341 1123 1323 1120 1323 1118 1323 1115 1323 1027 1339 1021 1339 1013 1339 828 1321 709 1321 706 1321 703 1321 701 1321 685 1334 508 1318 505 1318 503 1318 463 1334 461 1334 448 1321 445 1321 443 1321 440 1321 437 1321 404 1331 388 1315 385 1315 383 1315 297 1315 294 1315 291 1315 242 1328 242 1380"/></Shape>
	    <String CONTENT="esꝯdire ce qͥl vous requirt. Dont prist abilon"
                    HPOS="239"
                    VPOS="1315"
                    WIDTH="1322"
                    HEIGHT="115"></String>
          </TextLine>

          
          
          <TextLine ID="eSc_line_b7ab508e"
                    
                    BASELINE="245 1456 1550 1469" 
                    HPOS="242"
                    VPOS="1391"
                    WIDTH="1308"
                    HEIGHT="120">
            <Shape><Polygon POINTS="245 1456 242 1485 268 1498 271 1498 273 1498 445 1487 487 1485 529 1487 636 1500 638 1500 641 1500 664 1490 675 1487 716 1492 802 1503 805 1503 912 1495 1016 1490 1055 1500 1081 1506 1084 1506 1290 1508 1292 1508 1295 1508 1298 1508 1298 1506 1300 1506 1308 1495 1329 1506 1337 1508 1339 1508 1342 1511 1548 1511 1550 1469 1545 1412 1290 1417 1209 1404 1180 1401 1178 1401 1159 1404 1113 1414 1086 1404 1081 1401 1079 1401 1076 1401 1073 1401 1071 1401 1071 1404 1053 1414 964 1401 941 1399 938 1399 935 1399 933 1399 930 1401 912 1414 768 1414 649 1396 641 1396 638 1396 633 1396 555 1409 510 1393 508 1393 505 1393 245 1391 245 1456"/></Shape>
	    <String CONTENT="li abbes ⁊ le traist dune ꝑt. ⁊ dist. Coument sire"
                    HPOS="242"
                    VPOS="1391"
                    WIDTH="1308"
                    HEIGHT="120"></String>
          </TextLine>

          
          
          <TextLine ID="eSc_line_fd541a95"
                    
                    BASELINE="239 1534 1535 1550" 
                    HPOS="237"
                    VPOS="1469"
                    WIDTH="1298"
                    HEIGHT="117">
            <Shape><Polygon POINTS="239 1534 237 1560 1530 1586 1535 1550 1535 1498 1475 1482 1472 1482 1470 1482 1175 1495 1146 1495 1139 1495 1066 1479 1063 1479 1060 1479 1058 1479 1045 1490 1032 1479 1032 1477 1029 1477 1027 1477 1024 1477 1021 1477 974 1492 972 1492 969 1492 914 1477 912 1477 909 1477 815 1487 789 1474 787 1474 784 1474 711 1490 706 1490 703 1490 672 1472 669 1472 581 1472 578 1472 576 1472 573 1472 552 1487 547 1487 456 1469 453 1469 239 1482 239 1534"/></Shape>
	    <String CONTENT="iestes vꝰ ore si tost acordes a vr̾e anemi. Cuidies"
                    HPOS="237"
                    VPOS="1469"
                    WIDTH="1298"
                    HEIGHT="117"></String>
          </TextLine>

          
          
          <TextLine ID="eSc_line_cc7fff43"
                    
                    BASELINE="237 1610 1540 1625" 
                    HPOS="234"
                    VPOS="1552"
                    WIDTH="1306"
                    HEIGHT="105">
            <Shape><Polygon POINTS="237 1610 234 1631 1535 1657 1540 1625 1540 1573 237 1552 237 1610"/></Shape>
	    <String CONTENT="vꝰ ore q̃ se iou euisse caiens ceual ki li fust cou"
                    HPOS="234"
                    VPOS="1552"
                    WIDTH="1306"
                    HEIGHT="105"></String>
          </TextLine>

          
          
          <TextLine ID="eSc_line_c539430e"
                    
                    BASELINE="239 1683 1629 1714" 
                    HPOS="237"
                    VPOS="1618"
                    WIDTH="1392"
                    HEIGHT="130">
            <Shape><Polygon POINTS="239 1683 237 1706 265 1719 268 1719 271 1719 344 1709 375 1722 377 1722 380 1722 703 1719 815 1719 860 1724 941 1735 943 1735 995 1730 1034 1724 1053 1730 1071 1737 1073 1737 1076 1737 1165 1735 1277 1730 1303 1737 1313 1743 1316 1743 1318 1743 1321 1743 1334 1740 1368 1732 1623 1748 1629 1714 1629 1657 1597 1644 1595 1644 1592 1644 1170 1646 1136 1633 1133 1633 1131 1633 847 1638 818 1625 815 1625 813 1625 646 1633 469 1618 466 1618 239 1625 239 1683"/></Shape>
	    <String CONTENT="vignables qͥl ꝯvenist q̃ vꝰ fussies moiiens de ces"
                    HPOS="237"
                    VPOS="1618"
                    WIDTH="1392"
                    HEIGHT="130"></String>
          </TextLine>

          
          
          <TextLine ID="eSc_line_df1d7a0c"
                    
                    BASELINE="231 1756 1558 1774" 
                    HPOS="229"
                    VPOS="1698"
                    WIDTH="1329"
                    HEIGHT="107">
            <Shape><Polygon POINTS="1305 1709 1172 1722 1019 1706 1016 1706 1013 1706 1011 1706 995 1717 987 1706 985 1706 985 1704 982 1704 980 1704 977 1704 818 1717 797 1701 795 1701 792 1701 789 1701 727 1714 560 1714 547 1701 547 1698 544 1698 542 1698 539 1698 231 1709 231 1756 229 1776 1553 1805 1558 1774 1558 1730 1308 1709 1305 1709"/></Shape>
	    <String CONTENT="ti requeste. Avoi: sire abbes. Ia niestes vous"
                    HPOS="229"
                    VPOS="1698"
                    WIDTH="1329"
                    HEIGHT="107"></String>
          </TextLine>

          
          
          <TextLine ID="eSc_line_d2a683c2"
                    
                    BASELINE="234 1829 1550 1849" 
                    HPOS="231"
                    VPOS="1763"
                    WIDTH="1319"
                    HEIGHT="115">
            <Shape><Polygon POINTS="234 1829 231 1852 1545 1878 1550 1849 1550 1800 1491 1784 1488 1784 1485 1784 1371 1795 1352 1795 1350 1795 1339 1784 1339 1782 1337 1782 1334 1782 1332 1782 1266 1792 1240 1795 1227 1790 1204 1779 1201 1779 1199 1779 1107 1787 1071 1790 1068 1784 1063 1779 1060 1779 1060 1776 1058 1776 1055 1776 1053 1776 920 1782 779 1787 748 1776 729 1771 727 1771 724 1771 685 1774 604 1784 568 1771 557 1769 555 1769 552 1769 523 1771 404 1782 390 1771 390 1769 388 1769 385 1769 383 1769 310 1779 234 1763 234 1829"/></Shape>
	    <String CONTENT="hom de religion. Coument ꝑles vꝰ ore si mal or"
                    HPOS="231"
                    VPOS="1763"
                    WIDTH="1319"
                    HEIGHT="115"></String>
          </TextLine>

          
          
          <TextLine ID="eSc_line_5e6e4bac"
                    
                    BASELINE="234 1902 1566 1925" 
                    HPOS="231"
                    VPOS="1842"
                    WIDTH="1335"
                    HEIGHT="117">
            <Shape><Polygon POINTS="234 1902 231 1925 1561 1959 1566 1925 1563 1865 234 1842 234 1902"/></Shape>
	    <String CONTENT="deneement. Ne quidies mie q̃il couviegne q̃ sil"
                    HPOS="231"
                    VPOS="1842"
                    WIDTH="1335"
                    HEIGHT="117"></String>
          </TextLine>

          
          
          <TextLine ID="eSc_line_65584dfb"
                    
                    BASELINE="234 1975 1569 2003" 
                    HPOS="231"
                    VPOS="1922"
                    WIDTH="1338"
                    HEIGHT="107">
            <Shape><Polygon POINTS="234 1975 231 2003 1563 2029 1569 2003 1569 1946 234 1922 234 1975"/></Shape>
	    <String CONTENT="a aucune dissencion entre mon sign᷑ ⁊ ses freres."
                    HPOS="231"
                    VPOS="1922"
                    WIDTH="1338"
                    HEIGHT="107"></String>
          </TextLine>

          
          
          <TextLine ID="eSc_line_52029827"
                    
                    BASELINE="229 2058 1548 2071" 
                    HPOS="226"
                    VPOS="1995"
                    WIDTH="1322"
                    HEIGHT="107">
            <Shape><Polygon POINTS="229 2058 226 2081 258 2094 260 2094 263 2094 490 2084 755 2100 758 2100 972 2089 1016 2102 1019 2102 1021 2102 1545 2092 1548 2071 1545 2019 1232 2019 1227 2016 1201 2003 1199 2003 1196 2003 1118 2014 1102 2016 1100 2014 1089 2006 1089 2003 1086 2003 1084 2003 1081 2003 1034 2014 1021 2016 1008 2014 964 2001 961 2001 959 2001 659 2011 615 2011 612 2011 602 2001 602 1998 599 1998 596 1998 492 1995 490 1995 487 1995 443 2008 440 2008 404 1995 401 1995 398 1995 229 2006 229 2058"/></Shape>
	    <String CONTENT="q̃ mlt̾ ne fust couvignable cose de porter bones"
                    HPOS="226"
                    VPOS="1995"
                    WIDTH="1322"
                    HEIGHT="107"></String>
          </TextLine>

          
          
          <TextLine ID="eSc_line_a900990a"
                    
                    BASELINE="231 2126 1566 2141" 
                    HPOS="229"
                    VPOS="2076"
                    WIDTH="1337"
                    HEIGHT="104">
            <Shape><Polygon POINTS="231 2126 229 2157 1399 2180 1402 2180 1563 2167 1566 2141 1563 2092 231 2076 231 2126"/></Shape>
	    <String CONTENT="paroles de lun a lautre. ⁊ qͥl ꝯviegne p᷑ ce kil soit"
                    HPOS="229"
                    VPOS="2076"
                    WIDTH="1337"
                    HEIGHT="104"></String>
          </TextLine>

          
          
          <TextLine ID="eSc_line_301a1903"
                    
                    BASELINE="231 2199 1550 2217" 
                    HPOS="229"
                    VPOS="2152"
                    WIDTH="1321"
                    HEIGHT="88">
            <Shape><Polygon POINTS="231 2199 229 2222 1545 2240 1550 2217 1548 2170 231 2152 231 2199"/></Shape>
	    <String CONTENT="mes anemis ne ie li siens. par mon cief ie ne sui"
                    HPOS="229"
                    VPOS="2152"
                    WIDTH="1321"
                    HEIGHT="88"></String>
          </TextLine>

          
          
          <TextLine ID="eSc_line_45d4d003"
                    
                    BASELINE="229 2279 1530 2298" 
                    HPOS="226"
                    VPOS="2212"
                    WIDTH="1304"
                    HEIGHT="119">
            <Shape><Polygon POINTS="226 2316 1136 2316 1180 2318 1342 2331 1345 2331 1527 2318 1530 2298 1524 2232 1345 2245 1217 2230 1214 2230 1212 2230 1157 2243 943 2222 930 2222 927 2222 917 2222 768 2235 753 2222 753 2219 750 2219 748 2219 685 2219 682 2219 680 2219 620 2235 599 2217 596 2217 594 2217 510 2217 479 2217 477 2217 474 2217 471 2217 471 2219 458 2230 404 2214 401 2214 398 2214 396 2214 393 2214 375 2232 276 2232 231 2212 229 2279 226 2316"/></Shape>
	    <String CONTENT="ne ne uoel iestre ses malvoellans. Car qnͣt ie ⁊"
                    HPOS="226"
                    VPOS="2212"
                    WIDTH="1304"
                    HEIGHT="119"></String>
          </TextLine>

          
          
          <TextLine ID="eSc_line_47e210cc"
                    
                    BASELINE="229 2355 1527 2371" 
                    HPOS="226"
                    VPOS="2298"
                    WIDTH="1301"
                    HEIGHT="99">
            <Shape><Polygon POINTS="229 2355 226 2376 276 2391 278 2391 281 2391 612 2384 659 2397 662 2397 664 2397 1524 2391 1527 2371 1524 2321 229 2298 229 2355"/></Shape>
	    <String CONTENT="vꝰ porries iest̾ mal de lui. Si poroient il iestre"
                    HPOS="226"
                    VPOS="2298"
                    WIDTH="1301"
                    HEIGHT="99"></String>
          </TextLine>

          
          
          <TextLine ID="eSc_line_597d5255"
                    
                    BASELINE="226 2425 1519 2444" 
                    HPOS="224"
                    VPOS="2368"
                    WIDTH="1295"
                    HEIGHT="104">
            <Shape><Polygon POINTS="226 2425 224 2462 1514 2472 1519 2444 1517 2384 226 2368 226 2425"/></Shape>
	    <String CONTENT="boin ami. ⁊ p᷑ ce nel di ie mie q̃ se uꝰ ne le ꝯfortes"
                    HPOS="224"
                    VPOS="2368"
                    WIDTH="1295"
                    HEIGHT="104"></String>
          </TextLine>

          
          
          <TextLine ID="eSc_line_ccb695d6"
                    
                    BASELINE="226 2498 1540 2519" 
                    HPOS="224"
                    VPOS="2446"
                    WIDTH="1316"
                    HEIGHT="112">
            <Shape><Polygon POINTS="226 2498 224 2527 1047 2553 1050 2553 1311 2545 1402 2558 1404 2558 1537 2545 1540 2519 1540 2467 226 2446 226 2498"/></Shape>
	    <String CONTENT="de ce qͥl vꝰ reqͥrt. il nen ira mie a piet. Anchois en"
                    HPOS="224"
                    VPOS="2446"
                    WIDTH="1316"
                    HEIGHT="112"></String>
          </TextLine>

          
          
          <TextLine ID="eSc_line_a186f9f2"
                    
                    BASELINE="231 2574 1527 2600" 
                    HPOS="229"
                    VPOS="2522"
                    WIDTH="1298"
                    HEIGHT="99">
            <Shape><Polygon POINTS="231 2574 229 2605 1522 2621 1527 2600 1527 2543 231 2522 231 2574"/></Shape>
	    <String CONTENT="menra mon ceual ⁊ ie demorrai caiens deci adõt"
                    HPOS="229"
                    VPOS="2522"
                    WIDTH="1298"
                    HEIGHT="99"></String>
          </TextLine>

          
          
          <TextLine ID="eSc_line_ca8db82f"
                    
                    BASELINE="234 2647 1535 2670" 
                    HPOS="231"
                    VPOS="2587"
                    WIDTH="1304"
                    HEIGHT="120">
            <Shape><Polygon POINTS="234 2647 231 2678 255 2691 258 2691 260 2691 375 2681 422 2694 424 2694 427 2694 516 2683 521 2683 536 2683 810 2701 813 2701 860 2691 868 2691 875 2691 956 2704 959 2704 961 2704 990 2694 995 2694 1530 2707 1535 2670 1535 2621 234 2587 234 2647"/></Shape>
	    <String CONTENT="q̃il le me renvoiera. v ie en porroie avoir .i. autre."
                    HPOS="231"
                    VPOS="2587"
                    WIDTH="1304"
                    HEIGHT="120"></String>
          </TextLine>

          
          
          <TextLine ID="eSc_line_9253027c"
                    
                    BASELINE="237 2730 1530 2751" 
                    HPOS="234"
                    VPOS="2668"
                    WIDTH="1296"
                    HEIGHT="125">
            <Shape><Polygon POINTS="237 2730 234 2761 1206 2790 1209 2790 1363 2780 1376 2790 1376 2793 1378 2793 1381 2793 1384 2793 1527 2780 1530 2751 1530 2704 1496 2686 1493 2686 1491 2686 1488 2686 1449 2701 1243 2701 1240 2699 1212 2681 1209 2681 1206 2681 1128 2681 1126 2681 1123 2681 1120 2681 1120 2683 1105 2696 1102 2696 1024 2678 1021 2678 954 2694 948 2694 941 2694 883 2675 881 2675 878 2675 742 2686 714 2673 711 2673 709 2673 706 2673 677 2688 675 2688 651 2675 649 2675 646 2675 490 2683 445 2686 437 2683 401 2668 398 2668 396 2668 237 2678 237 2730"/></Shape>
	    <String CONTENT="Et ceste courtoisie li voel iou faire p᷑ lamour de"
                    HPOS="234"
                    VPOS="2668"
                    WIDTH="1296"
                    HEIGHT="125"></String>
          </TextLine>

          
          
          <TextLine ID="eSc_line_9759f5d1"
                    
                    BASELINE="239 2803 888 2816" 
                    HPOS="237"
                    VPOS="2756"
                    WIDTH="651"
                    HEIGHT="94">
            <Shape><Polygon POINTS="239 2803 237 2827 883 2850 888 2816 886 2772 779 2772 776 2769 763 2756 761 2756 758 2756 755 2756 239 2756 239 2803"/></Shape>
	    <String CONTENT="mon signour son frere."
                    HPOS="237"
                    VPOS="2756"
                    WIDTH="651"
                    HEIGHT="94"></String>
          </TextLine>

          
          
          <TextLine ID="eSc_line_990260e6"
                    
                    BASELINE="354 2886 1511 2902" 
                    HPOS="351"
                    VPOS="2821"
                    WIDTH="1160"
                    HEIGHT="112">
            <Shape><Polygon POINTS="354 2886 351 2920 1506 2933 1511 2902 1511 2850 1363 2834 1360 2834 1279 2845 1266 2834 1266 2832 1264 2832 1261 2832 1259 2832 1180 2845 1172 2845 1167 2845 1128 2829 1126 2829 1123 2829 1120 2829 1118 2829 1102 2842 844 2827 841 2827 755 2840 740 2840 714 2837 547 2821 544 2821 542 2821 513 2834 354 2834 354 2886"/></Shape>
	    <String CONTENT="nͣt li abbes eut entendut le ch̾r. si seut"
                    HPOS="351"
                    VPOS="2821"
                    WIDTH="1160"
                    HEIGHT="112"></String>
          </TextLine>

          
          
          <TextLine ID="eSc_line_d752c6c0"
                    
                    BASELINE="239 2952 1524 2978" 
                    HPOS="237"
                    VPOS="2894"
                    WIDTH="1287"
                    HEIGHT="110">
            <Shape><Polygon POINTS="239 2952 237 2972 367 2993 370 2993 461 2983 604 2996 607 2996 609 2996 612 2996 612 2993 622 2983 662 2998 664 2998 667 2998 787 2988 881 3004 883 3004 1522 3001 1524 2978 1522 2918 1399 2928 1347 2915 1337 2913 1334 2913 1332 2913 1290 2915 1146 2923 1066 2913 1011 2905 1008 2905 1006 2905 990 2910 974 2918 933 2910 881 2902 878 2902 875 2902 849 2910 826 2915 797 2910 753 2899 750 2899 748 2899 722 2907 709 2913 688 2907 646 2899 643 2899 550 2907 503 2910 497 2907 484 2894 482 2894 479 2894 477 2894 239 2902 239 2952"/></Shape>
	    <String CONTENT="qͥl fu preudom ⁊ sages ⁊ dist. abilon ensi"
                    HPOS="237"
                    VPOS="2894"
                    WIDTH="1287"
                    HEIGHT="110"></String>
          </TextLine>

          
          
          <TextLine ID="eSc_line_a1d4cb0a"
                    
                    BASELINE="237 3025 1509 3048" 
                    HPOS="234"
                    VPOS="2959"
                    WIDTH="1275"
                    HEIGHT="125">
            <Shape><Polygon POINTS="237 3025 234 3048 364 3066 367 3066 469 3056 474 3056 482 3056 586 3071 589 3071 591 3071 638 3061 641 3061 800 3077 802 3077 982 3069 1066 3066 1073 3071 1084 3082 1086 3082 1089 3082 1092 3082 1154 3074 1196 3069 1206 3074 1219 3084 1222 3084 1225 3084 1227 3084 1506 3082 1509 3048 1504 2998 1259 2998 1243 2988 1230 2980 1227 2980 1225 2980 1118 2978 1115 2978 1113 2978 1110 2978 1100 2985 1084 2996 995 2980 951 2975 948 2975 920 2980 849 2991 815 2975 802 2970 800 2970 797 2970 795 2970 776 2975 729 2988 385 2985 349 2965 346 2965 237 2959 237 3025"/></Shape>
	    <String CONTENT="vꝰ ai ie oi noumer. Il a caiens ch̾rs ki a vous"
                    HPOS="234"
                    VPOS="2959"
                    WIDTH="1275"
                    HEIGHT="125"></String>
          </TextLine>

          
          
          <TextLine ID="eSc_line_631debaa"
                    
                    BASELINE="242 3092 912 3121 1522 3126" 
                    HPOS="239"
                    VPOS="3035"
                    WIDTH="1283"
                    HEIGHT="120">
            <Shape><Polygon POINTS="239 3118 755 3150 758 3150 917 3139 943 3155 946 3155 948 3155 951 3155 1519 3152 1522 3126 1517 3066 1470 3079 1423 3064 1420 3064 1222 3058 1219 3058 1214 3058 1107 3071 1024 3053 1019 3053 1016 3053 1013 3053 1011 3053 990 3069 891 3051 886 3051 883 3051 881 3051 878 3051 878 3053 865 3066 763 3066 662 3045 646 3043 643 3043 633 3043 568 3058 505 3045 503 3045 380 3053 341 3038 338 3038 336 3038 333 3038 284 3051 245 3035 242 3092 239 3118"/></Shape>
	    <String CONTENT="mont envoiiet ausi ꝯ en ꝯfiession. ⁊ vꝰ mãdent"
                    HPOS="239"
                    VPOS="3035"
                    WIDTH="1283"
                    HEIGHT="120"></String>
          </TextLine>

          
          
          <TextLine ID="eSc_line_a90b1af1"
                    
                    BASELINE="247 3165 1519 3197" 
                    HPOS="245"
                    VPOS="3105"
                    WIDTH="1274"
                    HEIGHT="131">
            <Shape><Polygon POINTS="247 3165 245 3197 656 3199 763 3215 823 3220 826 3220 828 3220 841 3217 865 3207 873 3217 875 3220 878 3220 878 3223 881 3223 883 3223 886 3223 948 3220 1068 3212 1120 3225 1133 3228 1136 3228 1139 3228 1141 3228 1152 3225 1188 3215 1201 3228 1204 3228 1204 3230 1206 3230 1209 3230 1212 3230 1256 3228 1381 3223 1514 3236 1519 3197 1519 3150 568 3129 474 3113 458 3111 456 3111 443 3111 362 3121 354 3111 351 3111 351 3108 349 3108 346 3108 247 3105 247 3165"/></Shape>
	    <String CONTENT="q̃ vꝰ au plꝰ secreement q̃ vꝰ poes vos partes de"
                    HPOS="245"
                    VPOS="3105"
                    WIDTH="1274"
                    HEIGHT="131"></String>
          </TextLine>

          
          
          <TextLine ID="eSc_line_047cc3ce"
                    
                    BASELINE="242 3230 1532 3269" 
                    HPOS="239"
                    VPOS="3173"
                    WIDTH="1293"
                    HEIGHT="123">
            <Shape><Polygon POINTS="239 3251 411 3275 1527 3296 1532 3269 1530 3225 1371 3207 1368 3207 1261 3212 1222 3215 1214 3212 1204 3202 1201 3202 1199 3202 1196 3202 977 3202 771 3202 711 3191 680 3186 677 3186 675 3186 664 3189 641 3197 612 3186 599 3183 596 3183 594 3183 518 3183 284 3186 245 3173 242 3230 239 3251"/></Shape>
	    <String CONTENT="dorus tant qͥl aient a vous ꝑle. Qnͣt abilon"
                    HPOS="239"
                    VPOS="3173"
                    WIDTH="1293"
                    HEIGHT="123"></String>
          </TextLine>

          
          
          <TextLine ID="eSc_line_002242cc"
                    
                    BASELINE="242 3301 1545 3337" 
                    HPOS="239"
                    VPOS="3238"
                    WIDTH="1306"
                    HEIGHT="125">
            <Shape><Polygon POINTS="242 3301 239 3329 1540 3363 1545 3337 1540 3272 1504 3285 1436 3269 1428 3269 1308 3267 1305 3267 1303 3267 1300 3267 1300 3269 1285 3280 1235 3267 1227 3267 1225 3267 1222 3267 1219 3267 1199 3280 1159 3267 1144 3262 1141 3262 990 3256 987 3256 909 3262 831 3269 766 3262 711 3254 709 3254 531 3256 435 3259 427 3256 396 3243 393 3243 390 3243 388 3243 354 3254 349 3256 341 3254 278 3238 276 3238 273 3238 271 3238 242 3251 242 3301"/></Shape>
	    <String CONTENT="oi ce si mua coulour. ⁊ vint a dorus ⁊ li dist ẽ bas."
                    HPOS="239"
                    VPOS="3238"
                    WIDTH="1306"
                    HEIGHT="125"></String>
          </TextLine>

          
          
          <TextLine ID="eSc_line_44229ad4"
                    
                    BASELINE="229 3379 1517 3408" 
                    HPOS="226"
                    VPOS="3319"
                    WIDTH="1291"
                    HEIGHT="115">
            <Shape><Polygon POINTS="229 3379 226 3408 1511 3434 1517 3408 1517 3348 943 3348 933 3340 925 3332 922 3332 920 3332 917 3332 870 3340 839 3342 789 3337 690 3327 688 3327 604 3335 576 3337 529 3335 336 3319 333 3319 229 3329 229 3379"/></Shape>
	    <String CONTENT="Sire il a caiens de nr̾e gent. ⁊ ie ne uorroie p᷑"
                    HPOS="226"
                    VPOS="3319"
                    WIDTH="1291"
                    HEIGHT="115"></String>
          </TextLine>

          
          
          <TextLine ID="eSc_line_bcc0a646"
                    
                    BASELINE="237 3441 1178 3475 1514 3475" 
                    HPOS="234"
                    VPOS="3392"
                    WIDTH="1280"
                    HEIGHT="128">
            <Shape><Polygon POINTS="237 3441 234 3470 1024 3507 1027 3507 1222 3501 1279 3514 1282 3514 1285 3514 1428 3507 1459 3520 1462 3520 1464 3520 1467 3520 1511 3507 1514 3475 1514 3431 237 3392 237 3441"/></Shape>
	    <String CONTENT="nul auoir q̃ nꝰ maus avenir vꝰ peuist v ie le"
                    HPOS="234"
                    VPOS="3392"
                    WIDTH="1280"
                    HEIGHT="128"></String>
          </TextLine>

          
          
          <TextLine ID="eSc_line_df2c46ff"
                    
                    BASELINE="231 3520 1527 3553" 
                    HPOS="229"
                    VPOS="3462"
                    WIDTH="1298"
                    HEIGHT="123">
            <Shape><Polygon POINTS="231 3520 229 3548 831 3574 834 3574 886 3564 891 3564 896 3564 943 3577 946 3577 948 3577 1191 3572 1204 3572 1206 3572 1222 3585 1225 3585 1227 3585 1230 3585 1524 3577 1527 3553 1527 3501 231 3462 231 3520"/></Shape>
	    <String CONTENT="peuisse destourner. Il mont mande q̃ ie uoisse a"
                    HPOS="229"
                    VPOS="3462"
                    WIDTH="1298"
                    HEIGHT="123"></String>
          </TextLine>

          
          
          <TextLine ID="eSc_line_1127909a"
                    
                    BASELINE="237 3593 695 3616 1511 3626" 
                    HPOS="234"
                    VPOS="3535"
                    WIDTH="1277"
                    HEIGHT="117">
            <Shape><Polygon POINTS="237 3593 234 3632 1506 3652 1511 3626 1511 3574 1485 3561 1483 3561 1480 3561 1404 3574 1397 3574 1394 3572 1378 3559 1376 3559 1373 3559 1371 3559 1295 3569 1274 3572 1159 3572 1146 3564 1126 3553 1123 3553 1120 3553 1003 3559 917 3564 768 3561 761 3551 755 3548 755 3546 753 3546 750 3546 748 3546 695 3548 617 3556 576 3546 555 3540 552 3540 550 3540 529 3543 487 3553 448 3540 437 3538 435 3538 432 3538 417 3540 362 3551 237 3535 237 3593"/></Shape>
	    <String CONTENT="aus ꝑler. Ales ausi q̃ de ce ne soit niens. ⁊ vos"
                    HPOS="234"
                    VPOS="3535"
                    WIDTH="1277"
                    HEIGHT="117"></String>
          </TextLine>

          
          
          <TextLine ID="eSc_line_9910499c"
                    
                    BASELINE="242 3668 914 3697 1530 3692" 
                    HPOS="239"
                    VPOS="3626"
                    WIDTH="1291"
                    HEIGHT="99">
            <Shape><Polygon POINTS="242 3668 239 3699 625 3720 628 3720 630 3720 675 3710 677 3710 722 3723 724 3723 1524 3725 1530 3692 1524 3639 242 3626 242 3668"/></Shape>
	    <String CONTENT="metes en ur̾e ceual ⁊ issies la hors. Ci labbes"
                    HPOS="239"
                    VPOS="3626"
                    WIDTH="1291"
                    HEIGHT="99"></String>
          </TextLine>

          
          
          <TextLine ID="eSc_line_f34e5f36"
                    
                    BASELINE="237 3746 1522 3772" 
                    HPOS="234"
                    VPOS="3684"
                    WIDTH="1288"
                    HEIGHT="117">
            <Shape><Polygon POINTS="237 3746 234 3772 753 3798 1517 3801 1522 3772 1519 3728 1042 3720 1027 3710 1016 3702 1013 3702 1011 3702 1008 3702 961 3707 904 3715 878 3705 857 3697 854 3697 852 3697 781 3702 669 3710 649 3697 646 3694 643 3694 641 3694 638 3694 612 3694 531 3702 503 3692 495 3689 492 3689 490 3689 474 3692 414 3702 237 3684 237 3746"/></Shape>
	    <String CONTENT="de caiens vꝰ est ꝯtraires. Et se ie puis reuenir"
                    HPOS="234"
                    VPOS="3684"
                    WIDTH="1288"
                    HEIGHT="117"></String>
          </TextLine>

          
          
          <TextLine ID="eSc_line_6606a7d1"
                    
                    BASELINE="234 3814 784 3843 1517 3845" 
                    HPOS="231"
                    VPOS="3757"
                    WIDTH="1286"
                    HEIGHT="130">
            <Shape><Polygon POINTS="234 3814 231 3845 651 3871 654 3871 1094 3869 1141 3882 1144 3882 1146 3882 1326 3871 1451 3887 1454 3887 1457 3887 1514 3871 1517 3845 1514 3783 1399 3796 1381 3783 1378 3783 1376 3783 654 3783 234 3757 234 3814"/></Shape>
	    <String CONTENT="p᷑ nul sens ki en moi soit ie uenrai a vous. ⁊ si"
                    HPOS="231"
                    VPOS="3757"
                    WIDTH="1286"
                    HEIGHT="130"></String>
          </TextLine>

          
          
          <TextLine ID="eSc_line_de86c0bb"
                    
                    BASELINE="234 3884 714 3916 1535 3926" 
                    HPOS="231"
                    VPOS="3827"
                    WIDTH="1304"
                    HEIGHT="123">
            <Shape><Polygon POINTS="808 3845 795 3843 779 3845 643 3856 583 3840 581 3840 578 3840 576 3840 539 3853 492 3835 484 3832 482 3832 479 3832 466 3835 414 3843 406 3832 404 3832 404 3830 401 3830 398 3830 396 3830 393 3830 390 3832 364 3845 338 3830 336 3827 333 3827 331 3827 234 3827 234 3884 231 3916 633 3944 1530 3950 1535 3926 1532 3871 1334 3853 1332 3853 1126 3856 852 3861 823 3845 808 3845"/></Shape>
	    <String CONTENT="tenes men moisniel ⁊ le souneres. sil vꝰ sanble"
                    HPOS="231"
                    VPOS="3827"
                    WIDTH="1304"
                    HEIGHT="123"></String>
          </TextLine>

          
          
          <TextLine ID="eSc_line_0edd30ab"
                    
                    BASELINE="231 3965 1159 3999 1527 3999" 
                    HPOS="229"
                    VPOS="3900"
                    WIDTH="1298"
                    HEIGHT="136">
            <Shape><Polygon POINTS="231 3903 231 3965 229 4002 1522 4036 1527 3999 1524 3939 1282 3952 1199 3929 1196 3929 1193 3929 1191 3929 956 3942 935 3926 933 3926 930 3926 927 3926 787 3936 680 3918 677 3918 675 3918 633 3931 531 3908 526 3908 523 3908 521 3908 518 3908 495 3926 338 3905 336 3905 333 3905 299 3921 281 3903 281 3900 278 3900 276 3900 234 3900 231 3903"/></Shape>
	    <String CONTENT="q̃ ie ne reuiegne a ur̾e volente. Dont eut gnͣt"
                    HPOS="229"
                    VPOS="3900"
                    WIDTH="1298"
                    HEIGHT="136"></String>
          </TextLine>

          
          
          <TextLine ID="eSc_line_884f0ad1"
                    
                    BASELINE="237 4041 776 4069 1517 4075" 
                    HPOS="234"
                    VPOS="3981"
                    WIDTH="1283"
                    HEIGHT="135">
            <Shape><Polygon POINTS="237 4041 234 4072 320 4090 323 4090 435 4080 552 4095 555 4095 557 4095 594 4082 951 4106 954 4106 1055 4093 1073 4106 1076 4106 1079 4106 1264 4111 1266 4111 1269 4111 1272 4111 1287 4098 1305 4114 1308 4114 1311 4114 1313 4114 1316 4114 1355 4103 1472 4116 1475 4116 1477 4116 1514 4101 1517 4075 1517 4028 1355 4012 1352 4012 1318 4020 1303 4022 1295 4017 1282 4009 1279 4009 1277 4009 1274 4009 1227 4015 1196 4020 1149 4012 1063 3999 1060 3999 1058 3999 1027 4009 1008 4015 985 4007 954 3996 951 3996 948 3996 946 3996 920 4004 907 4009 899 4004 891 3996 888 3996 886 3996 883 3996 823 4002 755 4007 742 3999 737 3994 735 3994 732 3994 729 3994 709 3996 656 4007 581 3991 557 3989 555 3989 552 3989 547 3991 523 4004 503 3989 500 3986 497 3986 495 3986 492 3986 477 3989 409 4002 372 3983 370 3983 367 3983 237 3981 237 4041"/></Shape>
	    <String CONTENT="ioie dorus de la loiaute abilon. ⁊ li mist an.ii."
                    HPOS="234"
                    VPOS="3981"
                    WIDTH="1283"
                    HEIGHT="135"></String>
          </TextLine>

          
          
          <TextLine ID="eSc_line_6f15decf"
                    
                    BASELINE="231 4121 680 4145 1498 4158" 
                    HPOS="229"
                    VPOS="4062"
                    WIDTH="1269"
                    HEIGHT="159">
            <Shape><Polygon POINTS="231 4075 231 4121 229 4168 427 4197 430 4197 516 4181 531 4179 550 4181 599 4197 602 4197 604 4197 709 4189 719 4189 722 4189 742 4205 745 4205 748 4205 750 4205 852 4194 935 4187 977 4200 1006 4210 1008 4210 1011 4210 1086 4205 1154 4200 1180 4207 1193 4213 1196 4213 1199 4213 1201 4213 1209 4210 1232 4200 1345 4215 1391 4221 1394 4221 1397 4221 1404 4218 1444 4200 1491 4221 1498 4158 1498 4106 1199 4098 1193 4093 1180 4082 1178 4082 1175 4082 1172 4082 1123 4090 1100 4095 1089 4090 1073 4080 1071 4080 1068 4080 1066 4080 1063 4080 1060 4080 1060 4082 1053 4090 1047 4095 974 4095 961 4085 951 4077 948 4077 946 4077 943 4077 941 4077 922 4085 909 4090 899 4082 891 4077 888 4077 886 4077 883 4077 779 4080 651 4082 646 4075 643 4072 641 4072 641 4069 638 4069 636 4069 633 4069 547 4072 354 4077 242 4062 231 4075"/></Shape>
	    <String CONTENT="ses bras au col ⁊ a dit dous amis Ie vous pri"
                    HPOS="229"
                    VPOS="4062"
                    WIDTH="1269"
                    HEIGHT="159"></String>
          </TextLine>

          
        </TextBlock>
        
      </PrintSpace>
    </Page>
  </Layout>
</alto>
