3367 4680
390 156 1297 127 ⁊ qnͣt lemꝑ ne poroit le sien trouer el chemĩ ne ail

374 247 1310 117 lours dont repairoit ꝑ ci. ⁊ ie li diroie dame vees i

371 314 1326 120 ci lenfant ⁊ la meschine qͥ est repairie ⁊ adont poro

369 390 1331 117 it celui p̾nd̾ se elle voloit ⁊ me demoroit cist paisible̾.

488 470 1199 99 nsi se demenoit la princesse a li meime ⁊ si re

468 538 1222 119 v̾choit ⁊ retornoit en queil maniere li da

358 616 1329 122 moisiaus li peuist demourer ⁊ lemꝑ metre a pais

351 694 1328 114 selonch ce q̃ iai deuant thoucie. Isi com elle a ce es

353 769 1305 112 tudioit: vne des norrice vint a li ⁊ li dist par foi

353 842 1331 96 dame: onques mais nauĩt denfant fors q̃ de vr̃e

348 917 1310 107 fil. car onq̃s puis quil eut iehui alaitie cele

351 982 1331 115 dame: ne veut prend̾ chose que nos li vausisie

348 1060 1321 120 mes douner. Vraiement dist la pͥncesse que ie cu

335 1125 1323 125 it q̃elle le nos a ensorchere. Dont en uĩt v li enfeᷤ

335 1209 1313 114 estoit ⁊ si le cuida alaitier mais li damoisiaꝰ nen

327 1289 1285 117 eut cure: ⁊ elle dist. ne vꝰ vaut fiꝰ a vr̃e mere:

330 1365 1349 127 car vos ni alaiteres anuit autrui q̃ moi. En cestui

330 1450 1331 97 point erent li emꝑ ⁊ beluis a conseil ⁊ auoient es

327 1502 1352 125 te gnͣt piece en tant cõme vꝰ poes bñ sauoir q̃ mlt̾

319 1578 1334 109 se demenoit lemꝑ de ce que li cuers li disịoit q̃

319 1643 1321 127 cil damoisiaꝰ estoit ses fius. ⁊ disoit a celui beluis:

319 1721 1319 112 dous amis q̃ porrons nos faire ci apries. Dame d̾

314 1794 1318 117 cil: vꝰ iestes si sage que vꝰ naues que faire dautr

314 1872 1292 122 ui conseil q̃ dou vr̃e. ha: biaus frere por coi le

309 1947 1303 122 dites vꝰ. Ie le di fait il: pour ce que dou tout vꝰ

309 2017 1303 122 iestes descou̾te a la pͥncese ⁊ si ne voi q̃ vꝰ en soiies

306 2098 1334 117 de nient auanchie. ha: dist elle si sui. Ie sui ore

304 2176 1347 109 toute seure q̃ cil damoisiaꝰ est mes fiꝰ. ce q̃ ie nesto

267 2238 1384 122 ie mie auant que ie me fui dou tout descou̾te.

288 2308 1329 115 Dame dist il vꝰ ne saues que vos dites. cuidies vꝰ

299 2379 1344 114 ore: que /se/ ce fust vr̃e fius q̃ la princesse le vos celast.

301 2454 1350 125 ⁊ euist le sien aillors tramis. Ce ne poroit iest̾ por

299 2524 1352 122 nule auenture. Mlt̾ mist beluis lemꝑ a son pouo

293 2594 1355 125 ir hors de soupecon ⁊ dist quil couenoit cau ma

288 2680 1329 109 tin il alaissent viers ih̾rl̾m ensi com il auoiẽt

283 2753 1342 107 ꝓmis ⁊ raisons ere. ¶ Ensi auĩt q̃il fu tans da

288 2834 1344 106 ler coucier ⁊ la princesse repaira del damoisi

286 2904 1315 104 el mlt̾ courecie ⁊ vint v li emꝑ ere ⁊ dist. par

286 2966 1287 112 foi dame mal sui atiree de mõ enfant ⁊ encor

286 3031 1305 122 plus q̃ vꝰ ne soiies dou vr̃e. Coment dame diꝰ

280 3117 1316 125 aivwe dist lemꝑ. Par foi dist elle si le maues

278 3187 1362 133 isi atorne quil ne veut prend̾ riẽs nee se vꝰ nõ.

325 3265 1258 133 ¶ Dame dist lemꝑ de ce ne me deues vꝰ niẽt

273 3335 1359 128 blasm̾. car vraiemẽt ie ne li ai chose faite niẽt

275 3416 1352 117 aut̾mẽt come ieuisse le miẽ fait qͥ en mes costeᷤ

273 3499 1341 122 torna. Ꝑ saĩte crois dist elle ie ne sai q̃ vꝰ en aueᷤ

270 3567 1336 130 fait. mais auãt q̃ vꝰ ꝑtes de moi vꝰ en couẽra aut̾

267 3640 1342 122 chose faire. Dame dist li pͥnc̾. ne cuidies mie

267 3718 1355 111 q̃ ie veil ore auoir nule forche sor vꝰ fors en amiᷤ

267 3796 1337 119 te ⁊ en amor. Mais mõ enfãt maidies qͥl soit en

267 3861 1285 124 auteil poĩt: come vꝰ le tͦuastes. Dõt fu lemꝑ

267 3939 1324 117 abaubie ⁊ si ne seut q̃ respõd̾ ãchois comẽca a

273 4017 1341 140 plorer ⁊ dist mlt̾ tẽremẽt. ha: dame pͬ diu m̾ci.

1833 161 1315 153 Ia si vꝰ plaist veil ie iest̾ vr̃e norrice de lenfãt: ce

1833 267 1307 120 q̃ ie ne seroie mie volẽtiers dũ aut̾. Dame dist

1833 332 1339 120 elle or vꝰ apaisies ⁊ si venes o moi deci adont q̃ nꝰ a

1833 413 1344 109 rõs mõ ẽfãt apaisiet. ch̾tes dame d̾ lẽꝑ ie ne le ferai mie

1960 478 1209 114 tant vinrent les dames v li damoi ¶ envis.

1856 551 1297 127 siaus ere ⁊ si le pͥst lemꝑ ⁊ si lalaita lẽfãt

1812 629 1328 122 ⁊ laisa mlt̾ bñ come chil qͥ gnͣt mestier en auoit. A

1804 707 1326 138 pries ce en sont repairies es chabres a la prĩcesse. Il

1814 780 1313 122 luech si auoit la prĩcesse fait faire .i. riche lit en

1817 863 1329 109 coste le sien pͬ lemꝑ. Dont sont sont coucies en ꝑ

1812 930 1339 115 lant li vne a lautre. ⁊ fu teꝰ lor auis q̃ lor cõsaus a

1807 1003 1359 120 porta q̃ lemꝑ ne se ꝑtiroit de la: si seroit li prĩches

1807 1079 1336 117 venus. Il ne demora q̃ .v. iors qͥl vĩt. ⁊ la prĩcesse

1804 1154 1342 120 si se hasta de ꝑler a lui sans le conseue de lemꝑ. ⁊

1804 1229 1342 110 dist en teil maniere. Par foi biau sire. vne gnͣt

1807 1307 1331 123 m̾veille vꝰ pꝰ iou dire de cel enfãt qͥ a nos arri

1804 1385 1360 117 va. Car il na hui que .vi. iours q̃ lemꝑ de cos

1804 1461 1342 106 tant̾. arriua a cest port o lui .i. ch̾r ⁊ cuida aler

1807 1528 1326 110 en acre. Or a oi nouiele de cel enfant qͥ ci arri

1799 1599 1339 111 ua ⁊ dist qͥl fu ses fius. Ie li ai fait /a/ entendre qͥl e̾

1799 1674 1326 109 en ih̾rlm̾ ⁊ la l mporte la meschine pͬ paiier

1794 1747 1328 109 son pelinerage. ⁊ ce li ai ie dit por ce que tͦp

1794 1814 1339 117 chorrechie fust de ce qͥl fust mors. Dame dist

1791 1895 1349 122 li princes ie vꝰ oi dire m̾ueille. v est elle. En nõ

1788 1976 1347 122 diu sire encor vꝰ puis ie grignors conter. Ca li

1786 2048 1344 112 banor vr̃e fius: si ne vieut autre maintenãt

1788 2121 1329 115 alaitier: q̃ li. ⁊ de ce sui ie mlt̾ lie. car ausi avo

1788 2194 1334 107 ie ie mal en vne de mes mamieles ꝑ coi li lais

1783 2264 1329 117 si ne me sambloit mie iestre mlt̾ boins. ⁊ si

1783 2340 1347 109 ne lalaitoit mie volentiers. Or si nos couient

1783 2420 1357 102 cuere maniere par coi nos le puissons detenir:

1778 2480 1352 112 deci adont que nr̃e fiꝰ si puist miꝰ sãs lalaitier.

1781 2550 1346 125 ¶ Dame dist li pͥnces: de la maniere ne sa ge

1773 2641 1334 94 nient: se elle ne vieut demorer volentiers

1770 2701 1331 96 se le farõ demorer a force. Ensi couient il q̃il

1768 2769 1318 122 soit dist la princesse. mais dune chose qͥ soit

1770 2849 1344 91 faite me sambleroi bon. Quele dist li prin

1770 2917 1368 109 ces. de ce dist elle: que elle faĩsist: q̃ vꝰ ne seuis

1770 2992 1344 99 sies mie ausi com de ce ne fust nient. Quele

1768 3070 1339 99 ne fust nient emꝑ de cost̾. ⁊ q̃ nos vꝰ auõs fait

1765 3138 1347 101 a entẽd̾ ausi cõ ie li ai dit. q̃ li damoisiaꝰ qͥ arri

1768 3224 1354 111 ua au port est mors pͬ ce q̃ vꝰ neuissies mie souf

1760 3309 1347 102 fiert qͥl fust isi ꝑtis ensi de vꝰ. Dame dist li pͥn

1762 3380 1371 109 ces pͬ diu ales ⁊ dites ce qͥl vꝰ plaist car ie vos otͥrai

1762 3458 1345 111 tout. ¶ Lors sen vĩt la princesse a lemꝑ ⁊ dist.

1755 3525 1349 120 Dame mesire li princes est venꝰ. Iai pense qͥl

1755 3603 1352 112 couient q̃ nos li faignons que vꝰ ne soiies mie

1760 3679 1347 124 emꝑ de cost̾ ne daillors. Car ie ne moseroie

1757 3754 1316 107 mie afier qͥl ne vꝰ vausist saisir de guere:

1752 3824 1303 120 pͬ auoir rẽcõ de vꝰ ⁊ q̃ vꝰ ne vꝰ peuissies mie ꝑ

1752 3905 1305 104 tir de lui qnͣt vꝰ vories. anchois dirons sim

1749 3975 1316 104 plement q̃ vꝰ iestes vne gentiꝰ feme de la tr̾e

1749 4043 1342 150 deragon e qͥ on auoit son enfãt raui ⁊ vos a on
