3367 4680
340 187 1313 122 elle sest dilluech partie ⁊ ne demoura mie ml̾t

338 299 1289 83 qnͣt vne autre vint: ni eut autrement ne

330 356 1287 88 veut il niẽt sousfrir de celi. ⁊ cele semꝑt. ⁊ vne

340 431 1305 83 autre reuient ⁊ il sestoit descauchies ⁊ dist v est

330 499 1300 88 ma tres chiere damoisiele. ie euisse volentiers

335 564 1357 112 a li parler. pͬ sauoir qͥl li plaist q̃ ie fache au ma

327 655 1352 101 tĩ. atant cele lenclina ⁊ sest dilluech ꝑtie. ⁊ il est

325 735 1328 91 entres en son lit si se couca en teil maniere quil

330 813 1344 86 cuida vraiemẽt q̃ cele deuist a lui reuenir. Mais

332 873 1293 78 il pͬ nient i pensã que elle ni reuierti de rien.

330 933 1357 94 anchois demoura Iaphꝰ en atendance toute la nu

327 1011 1308 91 it en recordant la biaute quil auoit conciute en

327 1079 1347 106 la puciele ⁊ dist en lui tout pͬ voir que plus ert

325 1175 1375 86 souspris de ce quil auoit veue la puciele en plui

322 1227 1342 114 sors lius sa char nue ꝑmi les doces plaies de sa

325 1315 1341 99 robe. que dont q̃lle fust viestie de robe impe

319 1383 1347 109 rial. Ml̾t longement recorda les douces plaises

322 1466 1300 96 de la robe a celi dont ie tieng mon conte ici.

449 1534 1212 93 a: dist il vrais dius come ie sui nices selõc

332 1614 1339 102 lauenture que fortune ma consẽti a auo

325 1690 1326 88 ir: que ie ne sai encor le non de la tres amou

312 1755 1323 96 sosement nauree. Dont il porroit encor bñ

317 1830 1318 104 auenir. q̃ ie gnͣdement en porroie iestre em

317 1905 1357 115 pecies. Empecies si sui ie vraiement. ⁊ coment.

317 1986 1362 109 Ie le vos dirai. Sil auenoit ausi come ꝑ auẽ

317 2067 1336 101 ture quil me couenist que ie le demandasse ⁊ õ

319 2145 1329 93 deist biau sire coment a non cele puciele que vꝰ

317 2204 1349 110 demandes. par foi elle a non amourosemẽt

317 2275 1341 93 nauree a poines saroient il qͥ elle seroit. vra

312 2355 1372 102 iement ie cuit que si feroient. de ce ne ꝑles niẽt:

296 2418 1352 104 il poroit bñ auenir quil saroient bñ de cui ie

304 2496 1357 111 demanderoie. mais toutes eures nest ce mie

314 2568 1347 112 ses nons. ciertes cest voirs. Mais qͥ iusques a .i.

314 2641 1350 112 an. le me demanderoit: bñ en saroie le non de

312 2709 1310 114 tenir. Et si mai ore gnͣt m̾ueille. Que en nul

309 2784 1360 125 liu qͥ soit ml̾t honiestes la robe si ne depariee.

306 2860 1358 114 car autrement iroit li afaire tpͦ malemẽt. Mlt̾ se

309 2932 1316 102 demena Iaphꝰ en mainte pluisour maniere.

309 3000 1336 112 quil ne se pot conforter en nule fin q̃ tous iourᷤ

309 3065 1318 117 ne fust ses pensers a ce quil nauoit onq̃s feme

306 3133 1352 114 veue en robe si fust noble ⁊ riche qui si li euist

304 3200 1341 115 le cuers atisie: come cele auoit. ⁊ dist raison por

293 3281 1371 104 coi. Robe si ne fu mie trouee: fors por les menbr̾e

260 3343 1388 117 qui mie ne font a ueoir courir. Ciertes cest voirᷤ.

273 3421 1393 117 Mais cil qui saperent aucunes fois ꝑmi les pla

283 3494 1339 125 ies de sa robe ne font mie a courir a celui qui

244 3567 1388 135 tant i uorroit metre come ie froie. ⁊ q̃l chose

286 3650 1354 101 i voroie ie dont metre. vraiement tout enti

283 3720 1355 122 rement le cors ⁊ la uie: auaut q̃ la fine honor

273 3796 1333 117 nesvoituras ce. ha: dieus porroie ie iamais

244 3861 1394 122 tant viure que ie peuisse venir en liu v ele

273 3949 1362 112 fust. v ie puisse faire darmes chose qͥ li venist

278 4017 1339 184 en gre. Ciertes ml̾t en seroie ioians ⁊ si men

1807 184 1323 130 peneroie plꝰ q̃onques ne fis. ⁊ coment Iaph̾: q̃ vos

1804 286 1297 101 est auenut por vne puciele qui na mie sor le cors

1796 345 1342 112 de li: qui vaille .x.s̾.x.s̾: Non par sainte crois. car

1801 421 1334 101 iai veu que qnͣt elle voloit clore lune des plaies de

1796 494 1357 104 sa robe: Si enrouroient .iii. environ celi. Et cier

1796 566 1370 115 tes ci a gnt pṛourete. pourete: queꝰ chose est po

1799 655 1370 104 uretes. Sachies por voir pouretes nest mie tel

1796 735 1368 99 le. Car touiors ai ie oi dire que pourete dauo

1799 806 1315 88 ir ⁊ de nuete puet on recou̾. Mais a amie ne

1804 873 1334 99 p̣ụẹṭ a honor qui le piert maisemẽt le puet

1801 933 1378 109 on recouurer. Et dius vos men puissies aidier.

1799 1006 1318 104 q̃ ie puisse a ceste amie ⁊ a cest̾ honor venir.

1799 1084 1341 104 Par coi ie puisse ramais iest̾ vrais poure. Mais

1801 1162 1345 96 as ases de toute ioie de tote pais ⁊ de toute honor.

1918 1235 1241 101 nsi se demena Iaphꝰ toute la nuit en recordãt

1924 1313 1214 104 la biaute de le desprise puciele. Si conque̾

1796 1388 1355 99 toute la nuit ne se peut prend̾ a repos. anchois

1796 1466 1383 101 se demenoit ⁊ estruoit a amors. ⁊ si dissoit. hai:

1796 1544 1365 101 mi Iaphꝰ que vꝰ est auenut: que par tantes foiᷤ

1794 1612 1365 104 aues veut ore filles as rois a dus ⁊ a contes a chaᷤ

1788 1684 1384 102 telaĩs qui onq̃s ọṇq̣̃ṣ mais ne peurent a vos plai

1791 1770 1355 78 re com ceste desprise qui na vaillant qui vail

1791 1830 1360 107 le se poi non. Et coment aĩm õ dont por les auo

1791 1911 1339 98 irs por les bieles robes ⁊ les riches aornemẽs. oil

1791 1991 1336 112 ce mest auis cil qͥ ne seuent cui on doit aimer

1794 2072 1349 93 ⁊ haiir. Et q̃ ce seroit dont se ceste estoit aornee

1791 2142 1339 104 dacesmemens imperiaus. par foi si sai de uoir

1794 2212 1328 102 que tous li mons le siueroit por sa biaute. ⁊ por

1788 2285 1352 94 ce me plaist q̃elle nẽ ait ore nul deci adont q̃lle

1791 2355 1347 91 de samor mara fait don. En cestui afaire fu sor le

1788 2428 1334 94 ior dont il couĩt del traual que il eut sendor

1791 2509 1355 106 mi si fort come vꝰ ia le pores oir. la puciele qͥ mie

1791 2584 1355 101 nauot m(i)ssen oubli sa besoigne vint a celle eu

1786 2659 1362 94 re en la chambre ⁊ si troua le ch̾r issi fort dormãt

1786 2727 1365 96 quelle huca sire ch̾r dormes vos. ⁊ il si fort ert ẽ

1788 2810 1313 99 dormis ⁊ estoit en vne auision de la puciele

1788 2878 1376 112 meime: q̃il ꝑ nule auenture oir ne peut la pu

1781 2943 1352 117 ciele. ⁊ quen auĩt. de maĩtenant penssa quil na

1783 3016 1313 106 uoit dormi en toute la nuit ⁊ si ama miꝰ qͥl dor

1783 3088 1326 102 mist son ses que ce quele lesvillast. Maĩtenãt

1778 3161 1336 91 dilluech se part mlt̾ triste ⁊ corecie ⁊ vint sor

1773 3226 1362 107 le perron ⁊ mõta sor sa mule ⁊ si sest misse hors

1773 3294 1388 112 du doignõ contreual le chastiel mlt̾ pitousemẽt

1775 3377 1365 109 plorant. ⁊ li aucũ qui ia estoient leue virẽt

1773 3447 1349 104 la puciele qͥ faisoit mlt̾ poure chiere ⁊ il en

1770 3525 1355 102 comencierẽt a crier. ha: damoisiele or ne pu

1770 3603 1373 112 et demorer: q̃ coliffes ne soit outres mais q̃ vr̃e

1770 3671 1339 109 ch̾r ait asses dormi. li autres redisoit: comẽt

1768 3741 1378 117 q̃ forres soit vengies: q̃ vꝰ plꝰ pau ares de soucors

1765 3824 1370 104 de cestui. li tiers si redissoit. Nos auons bñ ve

1765 3900 1326 98 ut teil qui au teil comeremẽt a eu come cis:

1765 3975 1326 99 qͥ puis eut ausi poure fin come ie cuit que

1762 4040 1326 140 cis ara. Ensi disoient lor vilains mos: cil qͥ
