3440 4702
269 203 1343 126 se: ie crirai si haut q̃ li diu morront ⁊ vos porrõt

264 284 1340 110 bñ envoiier male meschãce. ha: damoisiele d̾

264 355 1307 99 cil acoles moi sans baisier. Ie dist cele. ciertes

266 415 1338 107 ia ne mauenra. Nõ dist cil: car le baisier ⁊ lacol̾

271 493 1124 110 aurai ie tout ensamble malgre vous.

392 572 1192 109 ors a cil iete les bras a la puciele ⁊ le cuida

407 647 1229 97 baisier ⁊ traire a lui ⁊ elle ieta .i. cri si ori

269 720 1346 105 ble ⁊ si haut q̃ Iaphꝰ qͥ ert ausi come a vne mile

274 796 1349 105 pries: entendi le son. ⁊ torna celle ꝑt de qnͣqͥl pe

274 864 1323 92 ut de son cheual traire. li cuuiers qnͣt il entẽdi

277 935 1327 102 celi qͥ auoit iete le cri si haut: si fu fol ⁊ plaĩs de

277 1013 1312 112 vilounie ⁊ si hauce le paume ⁊ feri la puciele

277 1089 1375 112 ꝑmi sa tẽdre fache ⁊ li sans li issi ꝑ le nes ⁊ la bou

269 1167 1315 102 che. dont coumẽca mlt̾ pieteusemẽt a plorer.

264 1243 1374 117 ha: dist elle faitͦp faitrop come li diuị me poro

266 1319 1352 104 ient encore bñ vẽgier de toi. Ie ne les en doute

269 1397 1349 102 dist li cuuiers. Mais ie de vꝰ meime me venge

271 1470 1370 97 ront il encore si: que nꝰ naura cure de vꝰ si sereᷤ

269 1541 1362 109 vꝰ encore poure ⁊ chaitiue: car nule si orgil

266 1614 1359 91 leuse ne nascui come li cors de vꝰ est. ha: faitpͦ

271 1690 1362 88 dist la puciele: voirẽmt maues vos ꝑ pluisorᷤ

274 1760 1362 105 fois rẽproue la pourete en coi vꝰ maues mise.

277 1833 1382 118 Mais dorguel qui en moi soit aues vos pau veu.

271 1914 1326 113 por ce se ie /ne/ veil sousfrir chose que vꝰ naiies de

279 2003 1320 94 sierui enviers moi: ne me deuissies vꝰ mie ḍẹ a

277 2071 1325 99 uoir fait teil viloumie que vꝰ poes veoir. lors se

279 2147 1333 104 reprist faitrop ⁊ dist. ha: vraiemẽt puciele vo

282 2241 1333 86 ir aues dit ⁊ ie mẽ repent or le me pardonnes

284 2298 1334 79 ⁊ ie ne le ferai plus. ha: dist elle come vos iestes

279 2364 1336 101 vrais. autresi fustes vos hier mlt̾ humles qnͣt

271 2437 1381 99 vos me criastes m̾chi ⁊ ni euistes en couent a fai

269 2518 1320 96 re lamende de ce q̃ vos mauies mefait. Or vꝰ

271 2593 1344 102 en iestes pris ml̾t pries. de faire. A cest mot vĩt

277 2672 1356 112 Iaphꝰ aburissant sor aus qͥ auoit /a/pierceu le ch̾

258 2750 1367 105 ⁊ la mule qui illuech erẽt ariesne. Qnͣt il eut

284 2829 1323 91 faitrop ⁊ la puciele apierceut: si les salua ausi

282 2910 1330 91 comẹ en sorsaut come cil qui mie ne les conut

287 2967 1341 110 ⁊ vit celi qui se dreca contre lui. ⁊ dist. ha: Iaph̾

279 3058 1336 79 biaus dous amis ie sui cele que tu vas cuerant

284 3126 1315 89 or me deliure de cest traitour que tu vois ci qͥ

282 3197 1341 73 ma traie ausi come tu poras sauoir. Damoisi

279 3257 1297 97 ele dist il: sauue soit vr̃e grasce vꝰ ne ie mie

279 3335 1323 94 cuerant q̃ ie voie. mais celi cui celle robe que

274 3403 1320 92 vꝰ aues viestie fu: meime me samble q̃ celle

274 3476 1351 110 mule que ie ci voi fu siue. En non sire ch̾r voir

279 3565 1352 97 aues dit fait cil qui le veut decheuoir: de ci se ꝑt

282 3633 1307 107 cele cui vos ales cuerant. ⁊ por ce que vꝰ miꝰ mẽ

279 3709 1344 112 crees. li ai ie prestee la mule ⁊ la robe a ma chiere

282 3779 1302 113 amie qͥ ci est por ce plus couignaublemẽt voist

274 3855 1315 105 v elle vieut aler. Dont sauisa Iaphꝰ q̃ cil se peut bñ

279 3926 1362 104 mẽtir car il li souĩt bñ q̃ sa robe ne veut elle chãgier

274 3986 1349 130 pͬ riẽ el chastiel ioious ⁊ dist. Ie voi q̃ tu as fait vilounie

277 4082 1351 141 a ceste puciele qui la robe a mamie a viestie a mõ

1774 216 1315 102 auis ⁊ a ton iugement. si veil ore sauoir la ve

1772 297 1302 94 rite sour toutes hastes pour coi tu las fait. quẽ

1769 368 1278 104 tient ore a vos biau sire dist cil: ia poes vos bñ

1767 446 1283 99 sauoir que sans raison ne lai ie mie fait. ⁊ vos

1772 514 1328 105 aues encoumencie vne besougne dont il mest

1772 577 1302 117 auis que se vꝰ nales apries la bloie la puciele q̃ vꝰ

1772 663 1315 110 pierderes la besougne q̃ vꝰ deues asouir. Qnͣt

1767 736 1322 118 cil Iaphꝰ entendi que cil auoit la puciele nomee

1769 809 1318 102 bloie si fu temptes dou siuir ⁊ dist q̃l ꝑt se va ore

1767 875 1301 112 cele que tu me dis. ha: sire dist celle ne crees

1769 945 1320 120 chose q̃ li faus traitres vꝰ die. ves moi celle ici

1767 1026 1291 115 que vos queres. voire dist Iaphꝰ sa robe aues

1769 1104 1299 115 vꝰ moi est auis. Mais le cors ne la samblance de

1767 1180 1275 92 li naues vꝰ mie. car mlt̾ bñ lai mise en retenace.

1769 1246 1315 122 Mlt̾ vꝰ tient ore por fol fait cil. qͥ ci vꝰ amuse ⁊ vos qͥde

1764 1334 1312 100 faire pierdre lamor a la puciele ⁊ meime sa be

1769 1410 1294 107 sougne. A cest mot torna Iaphꝰ le col de sõ diest̾

1772 1483 1325 105 ⁊ dist. q̃l ꝑ sen va cele q̃ tu me dis. Sire dist cil tot

1769 1556 1307 92 cest chemĩ amont ales ⁊ vꝰ ne poues fallir mais

1769 1627 1299 104 que vꝰ vos hastes: quen poi d/e/uẹre ne la doiies cõ

1767 1695 1291 107 siure. Puciele dist Iaphꝰ. ie ne sui mie ciertaĩs

1764 1768 1312 104 liquens de vꝰ .ii. me moche. mais li tres gnͣs desi

1764 1849 1330 102 riers q̃ iai de trouer la bloie puciele. me fait q̃ ie

1774 1925 1341 107 me ꝑt de vꝰ sãs vꝰ gre. Iaphꝰ Iaphuꝰ dist elle. or est

1767 2011 1338 86 li tans venus que tu pues sauoir mon non. on

1767 2081 1327 102 ques mais sauoir ne le peuist ꝑ moi ne ꝑ autrui

1767 2152 1320 102 or en soit li auenture cui ce doit iest̾. Atant si re

1767 2230 1320 92 hauca la paume li fel ⁊ si feri la puciele enmi la

1764 2296 1323 99 fache. ⁊ cele dist biau sir Iaphꝰ ⁊ or en sont deus

1780 2387 1215 73 ⁊ tout pour lamour de vous. dist celle.

1908 2447 1171 102 a: sire ch̾r: or aues vꝰ trop mespris. foi que

1832 2507 1218 110 ie doi a la bloie puciele cui ie plus aim q̃

1761 2601 1354 102 moi meime: onques mais ne donnastes paumee

1764 2685 1299 91 qui si chier vos doie iestre vendue come ceste vꝰ

1767 2755 1317 97 iert. ha: dist il si fol musars come elle morust

1761 2836 1328 102 anchois: quelle ne vꝰ euist fait pierd̾ lamor a ce

1761 2912 1326 97 li que vos ales cuerant. Ne vꝰ chaille dist Iaphꝰ. ie

1764 2977 1325 100 ne puis pierdre ce que ie onques noi. Mais meteᷤ

1764 3048 1323 91 vꝰ tost en vr̃e cheual ⁊ si desraisnies vr̃e tort cont̾

1764 3121 1317 89 men droit. v ie vꝰ irai prẽd̾ la endroit v vꝰ iestes

1761 3181 1326 102 ales: foos en vr̃e besougne. car qnͣt ie larai ba

1756 3246 1333 115 tue ⁊ laidẽgie. si serai ie mĩ de li que vꝰ ia ne doiieᷤ

1761 3333 1313 102 iestre de nule que vꝰ aiies. ce verai ie dist il. A.

1753 3401 1318 99 tant est mis ius de son cheual ⁊ si vĩt viers celui

1761 3476 1310 110 qui fist samblat quil le doutast ases pau: car il

1761 3557 1305 92 maĩtenant sailli en pies ⁊ si vierti a son escut ⁊

1759 3630 1325 110 sacha sespee si vĩt Iaph̾ a lencontre ⁊ furent to

1759 3706 1317 110 st mis a lescremie. Illuech peuist on veoir vne

1753 3777 1323 107 fiere envaie li .i. contre lautre dont li contes

1761 3853 1315 101 ne fait ore autre mesion diaus: qñ la fĩ vĩt cil

1759 3926 1325 94 faitpͦ a m̾ci ⁊ dist. vraiement Iaph̾ iai fai trop

1759 4001 1333 94 or me trence la tieste car iamais ne te cuer faire

1756 4072 1323 133 traison ne autrui ausi. Coment dist Iaphꝰ di
