3449 4741
321 184 1333 113 maĩ. Nariemes nos mie creance: q̃ hontes ne nos

316 276 1333 92 deuist auenir tandis que nos demorissiemes a

316 347 1367 98 veuch lui. Ꝑ foi dist mesire .mͣ. ⁊ ie lo dont q̃ nꝰ tuit

313 418 1373 103 nꝰ metons emsãble a faire cest mesage. Isi sont miᷤ

313 495 1357 105 ou chastiel ⁊ li aucũ qͥ esgarderẽt cele dame si le co

313 571 1368 95 nurut ꝑ le ch̾r au brac brisie qͥ maĩtenant cuidie

310 650 1323 103 rent qͥl leuist qͥl leuist tolue a mõ signor mard̾. qͥ

308 724 1359 97 fust ses maris. Mais des autres pucieles qͥ estoient sor

310 795 1363 103 les cheuaus trotͣies ne seurent il q̃ dire pͬ les tiestes

313 861 1344 103 queles auoient toursees de deriere elles. Si ne se

313 945 1365 90 peurent tenir li pluisor de faire vne gnͣt moche

316 1008 1375 103 rie apries ⁊ comencierẽt a crier il plꝰ de .xxx. or lawa.

321 1074 1331 116 mon signor or lawa. Dont saresta mesire .mͣ. ⁊ d̾

321 1156 1336 105 a la dame q̃elle seuist v cil mirre demorroit. Sire

321 1237 1346 108 dist elle nient plus nen sai ie nouiele q̃ vꝰ faites. Bi

324 1327 1320 87 au sire dist il au ch̾r car nos faites tant dauãtage qͥ

326 1388 1352 110 iestes de ces paiis: q̃ vꝰ nos sachies a dire v nos puiᷤ

326 1461 1320 127 somes auoir ce q̃ nos demandomes. Sire dist cil:

331 1548 1352 113 ie le ferai trop volẽtiers. lors se ꝑti cil dilluech ⁊ li pl

331 1622 1310 108 uisour se sont illuech aviroune entour aus.

324 1709 1317 82 ⁊ ne furent onques li haut mot de mokerie pͬ

326 1756 1339 111 pense: que cil lor ietoient ⁊ ert ausi cõ pͬ a aus prẽ

321 1822 1346 124 dre a ochoison. mais tout ausi coi come il nẽ oisẽt

324 1904 1396 126 niẽt: mesire mard̾ se taisoit ⁊ les pucieles a lav

326 1991 1333 92 tre les qͥ trop furent abaubies. Mais la dame en

326 2064 1368 106 auoit trop gnͣt ioie: si q̃ deures en autre ietoit gnͣs

329 2136 1323 105 eschignemẽs. ⁊ .mͣ. vĩ a lune des pucieles ausi come

334 2204 1336 108 de ce ne fust nient ⁊ lor dist. Partes vꝰ de ci ausi q̃ ie nẽ

339 2273 1326 97 sace riens ⁊ vꝰ metes hors dou castiel. ⁊ qnͣt vꝰ veneᷤ

334 2341 1349 105 lo hors si sones .ii. mos. Ensi com il le deuisa le fissẽt

334 2420 1315 111 ml̾t soustaitemẽt. Illuech demorra .mͣ. tant qͥl li

326 2499 1310 87 dut ml̾t anoiier. ⁊ a ce ont li une sone. ⁊ mard̾

329 2568 1373 102 se retorne ⁊ dist. v sont ore mes pucieles q̃ ie ci auo

331 2639 1355 105 ie maĩtenãt. li uns de ciaus qͥ illuech ere dist. Mai

331 2710 1326 113 se garde en aues ore fait. car oes les au bois v elles

334 2789 1344 118 chacent du cor. atant dist .mͣ. Dame ne vos anuit

334 2870 1320 106 ie mẽ vois apries: car ia ensi de moi ne se deꝑtirõt

334 2944 1323 113 Ie revenrai ci a vꝰ se ie les puis ci ramener. ha: sire d̾

326 3026 1333 95 elle ci ne me laires vꝰ mie seulle. Dame dist il iai

337 3089 1293 95 vescut deci a ore. mais ie onq̃s mais ne trouai qͥ

331 3160 1328 103 me tenist si a musart come vꝰ faites. comẽt porries

331 3231 1381 100 vꝰ iest̾ seule tãt qͥ euist tant de bone gẽt ẽtor vꝰ ci come ie voi.

447 3313 1199 97 ors se mist mesire .mͣ. hors dou chastiel ⁊ il ne de

455 3381 1212 90 moura qͥl .x. vinrent tuit fierviesti ml̾t plaĩ

329 3455 1354 100 dire ⁊ de courous ⁊ disent: dame v est ore cil qͥ vient cu

331 3524 1336 97 erre cest mire. vees en ci encore .x. Par foi biau sig

334 3603 1307 94 nor or vꝰ sousfres .i. poi: car ie cuit que maitenãt

334 3674 1323 95 doie repairier il si sont fait. ⁊ mesire .mͣ. vĩt as pu

337 3737 1333 97 cieles qui illuech les atendoiẽt ⁊ si leur dist. Ꝑ ma da

342 3808 1346 84 me sainte marie ie onques mais noi ꝑler de feme

342 3869 1362 97 qui autant pensast de mal mais q̃ vilounie est a moi

339 3945 1328 103 q̃ ie le di. come ie cuit q̃ cele fait qͥ ici nos a amenes. ha:

334 4019 1354 139 sire m̾ci disent celes. Il est verites q̃ vilaĩne chose est:

1831 189 1288 129 q̃ de ꝑler sor autrui de chose q̃ nest prouee. Car de q̃

1831 287 1293 126 vos iestes ⁊ nos dautre ꝑt dou chastiel ne feimes onq̃s

1828 366 1310 118 si boine besoigne. Non dist il: car au maĩs ne someᷤ

1833 458 1310 87 nos mie en si forte prison. Et biau sire dist li une deles

1831 518 1299 111 car nos dites ore mais qͥl ne vꝰ anuit qͥ vꝰ iestes qͥ ꝑ si no

1825 584 1294 119 ble auẽture nos aues secourues. Damoisieles dist il:

1828 661 1333 108 bñ est drois q̃ ie le vꝰ die. car em partie vꝰ maues fait

1828 748 1320 89 fage qͥ vꝰ iestes. Il est verites q̃ nos .iii. ch̾r nos ꝑtimes

1828 813 1310 98 il a hui .iii. iors de la noue gͤsse dũ chastiel qͥ est a pie

1828 871 1299 103 les li chastiaus orguillous. por ce q̃ nos auiemes oi ⁊

1828 948 1307 102 entendut: q̃ li pluisor sestoient mis ẽ ceste foriest pͬ

1828 1011 1352 100 auentures a cuerre dont il ni auoit nul qͥ reparrast.

1828 1095 1302 100 ⁊ nꝰ .iii. qͥ ce aue/i/mes entendut ne vausimes laissier

1825 1161 1313 113 pͬ rien q̃ nos ni soiomes mis. Iaphꝰ li fius au roi de fri

1825 1240 1299 116 ge. Iosias fius au roi despaigne. ⁊ ie Mardocheus fꝰ au

1831 1322 361 102 duch de nise.

1965 1398 1188 105 nͣt les pucieles eurent entendut .m. si dist li

1952 1477 1199 103 vne. ha: sire .mͣ. sachies de voir q̃ vꝰ ⁊ vre com

1825 1551 1344 105 paignõs: uos avons en nos prophesies ⁊ en nos atẽdãceᷤ.

1820 1633 1347 97 Damoisiele dist il. dont me dires vꝰ queus souenances

1828 1698 1312 106 ne queus prophesies vos aues de nos. En nõ de moi bñ

1828 1780 1331 79 en sares la verite en tans ⁊ en liu. Mais repairons ar

1828 1843 1341 111 riere ensi come nos somes venut. car ie vꝰ aseur q̃ ce

1828 1920 1317 100 le dame ne porchache chose qui ne soit contre vr̃e

1823 2001 1325 98 honor ⁊ vr̃e preu ⁊ la nr̃e. Ce voi ie bñ dist mesire

1818 2062 1341 108 .mͣ. Mais ml̾t me doit anuiier q̃ ses maris est en teil

1828 2136 1346 108 poĩt q̃ ie ne li puis aidier ne ne sai qͥ aidier li puist

1828 2209 1304 111 qnͣt sa feme n i vieut mertre paĩne. Sire dist li

1828 2286 1317 89 vne qͥ ne garde sounor ne demande la pais de sõ ami.

1831 2352 1304 84 Ie vꝰ aseur q̃ se cil qui ca vꝰ ont amene vꝰ puent te

1810 2410 1330 115 en liu: v la ferce soit vr̃e: il ne vꝰ ferõt mie la

1831 2491 1283 119 uantage q̃ vꝰ lor aues fait. Illuech li ont tant

1825 2565 1157 97 dit. qͥl sen sont repairiet ariere. au ch̾r qͥ

1825 2641 1136 87 ert demoures ou pauillon ensi come ie vꝰ

1831 2707 1177 98 auoie fait deuãt mentiõ. la dame qͥ illue

1823 2784 1328 110 ch faisoit ciaus muser ausi come cele qͥ ne cui

1823 2865 1346 98 dast pͬ riẽ q̃ mesire .mͣ. ne deuist repairier dist.

1825 2952 1315 87 Biau signeur moi est auis q̃ nos auõs falli a nr̃e

1825 3013 1318 108 cop. Il ne repairra mie puis quil a tãt atẽdut. Il

1831 3102 1322 82 disent dame musarde bñ nos aues ore tenut a chai

1823 3152 1322 95 tis qͥ ci nos faites hui toute iour muser: voiremẽt

1825 3234 1336 82 est li hõ fol qͥ en fole se fie. vꝰ aues maĩtenant celui

1825 3297 1305 103 enchieri. ⁊ si laues fait sage de sõ gnͣt hõte si en soit

1825 3379 1336 79 li auẽture siue qui vilaĩne nest mie. Car se nos chͣ

1825 3439 1299 108 iens le peuissõs auoir enclos: tous li mons ne lẽ

1825 3516 1241 108 euist warde quil neuist eut la tieste caupee.

1828 3587 1341 100 Qnͣt la dame eut ce oi si dist. ⁊ comẽt cuidie vꝰ dõt

1831 3658 1307 100 q̃ iaie celui fait aler en voie q̃ ie vꝰ auoie amene

1825 3724 1355 110 ꝑ teil maniere. coument q̃ ce soit disent il: se aveᷤ

1825 3808 1355 82 vꝰ ouure fausemẽt a lũ le ⁊ a lautre. or ales ⁊ si nos

1825 3866 1342 108 laires le cheual engages pͬ le pauillons a nr̃e cousĩ:

1828 3948 1336 95 qͥ pͬ vꝰ est ensi atornes q̃ iamais ne sara pouoir dai

1828 4008 1323 166 dier. Qnͣt la dame ce entẽdi: si fu ml̾t abaubie ⁊
